2946 5026
753 372 970 431 -25...

302 543 416 603 mendis
446 543 579 603 levitatis
613 546 661 604 vel
688 545 875 624 ignorantiae
899 543 1107 617 librariorum,
1140 546 1302 604 verborum
1325 546 1420 603 trans·

301 633 510 709 positionibus
535 633 704 694 diversitati
733 633 980 712 orthographiae,
1008 634 1161 693 vocabulis
1184 634 1315 708 denique
1337 652 1422 708 prae·

301 722 445 782 termissis
461 723 508 782 vel
524 742 594 782 oum
609 724 758 783 similibus
782 723 984 783 commutatis.
1019 721 1155 799 Exempli
1179 723 1279 801 gratia
1303 722 1422 781 afferam

301 812 369 870 has:
390 810 416 886 Ι,
434 817 468 876 3:
485 811 526 870 A:
541 813 589 889 egi
604 813 806 888 utet-elysios,
823 812 866 870 V:
891 812 1117 890 egrotet-elyos.
1139 810 1180 883 ΙΙ,
1197 817 1230 876 4;
1252 813 1295 870 A:
1314 811 1422 886 pretia,

302 900 344 958 V:
360 919 494 960 munera.
512 900 552 971 H,
571 905 608 966 ὃς
625 901 668 960 A:
687 907 762 974 erat,
786 901 832 963 V:
850 902 949 973 creat3
973 901 1005 958 in
1021 900 1092 960 libri
1108 900 1139 959 II
1155 901 1294 960 lemmate
1311 900 1423 978 elegiae

301 989 426 1049 alterius
442 989 469 1046 V
485 990 592 1050 codicis
615 991 757 1051 librarius
781 991 936 1066 archetypi
959 990 1117 1050 lectionem
1140 1010 1218 1066 quae
1241 993 1305 1050 erat
1333 989 1423 1063 „Cor-

301 1080 430 1137 nutum“
456 1079 532 1138 falso
547 1079 579 1138 in
597 1080 829 1155 „chorinthum“
856 1080 1054 1140 commutavit
1075 1099 1158 1138 mera
1179 1078 1421 1156 interpolatione,

301 1187 363 1244 qua
386 1167 477 1227 etiam
501 1169 613 1247 elegiae
635 1188 731 1228 nonae
752 1170 823 1229 libri
834 1168 878 1227 IV
903 1172 1134 1247 argumentum:
1163 1168 1230 1243 ,Ad
1253 1168 1424 1230 Thoratum

301 1258 338 1317 de
360 1257 455 1316 natali
478 1257 544 1316 die“
571 1258 599 1316 A
624 1262 654 1318 et
679 1258 748 1334 ,Ad
770 1259 963 1318 theoratum“
991 1257 1018 1313 V
1043 1261 1180 1317 exortum
1211 1276 1273 1318 esse
1297 1257 1363 1317 veri
1385 1257 1424 1316 si·

300 1346 461 1405 millimum
484 1349 548 1418 est,
581 1366 648 1407 cum
673 1367 781 1408 nomen
804 1348 881 1406 illud
904 1367 939 1407 ex
963 1346 1126 1406 Chorintho
1156 1347 1188 1406 id
1212 1350 1257 1407 est
1281 1345 1423 1406 Cerintho

302 1436 528 1513 depravaretur.
574 1435 735 1497 Praeterea
765 1438 796 1496 in
825 1439 957 1512 utroque
979 1436 1056 1496 libro
1079 1437 1108 1494 A
1132 1439 1162 1496 et
1184 1435 1213 1492 V
1237 1436 1341 1514 elegiis
1365 1435 1424 1495 sin·

302 1524 382 1602 gulis
404 1525 522 1584 numeri
544 1544 603 1584 non
627 1529 699 1587 sunt
722 1525 894 1603 praepositi,
919 1526 1086 1584 carminum
1109 1525 1230 1584 libellus
1254 1528 1384 1601 quartus
1408 1545 1426 1583 a

301 1614 392 1673 tertio
415 1614 499 1673 nulla
523 1617 595 1674 nota
618 1616 783 1689 dividitur,
808 1619 877 1692 post
900 1634 1021 1674 versum
1043 1614 1102 1686 III,
1129 1619 1158 1688 6,
1184 1619 1226 1679 64
1250 1615 1356 1674 statim
1380 1633 1425 1674 se·

302 1703 407 1779 quitur
438 1722 557 1763 carmen
579 1704 633 1776 IV,
662 1710 716 1778 12,
749 1706 829 1781 quod
859 1704 1032 1780 epistolium
1056 1702 1205 1779 Sulpiciae
1234 1703 1348 1763 iterum
1371 1723 1426 1763 suo

301 1791 365 1852 loco
398 1795 566 1852 exaratum
587 1796 680 1853 extat.
735 1794 872 1870 Denique
904 1796 1034 1869 uterque
1066 1795 1135 1869 post
1162 1812 1280 1853 carmen
1303 1792 1359 1866 IV,
1386 1799 1426 1857 14

305 1881 511 1957 „epitaphium
534 1881 666 1942 Tibulli“
691 1883 768 1942 illud
791 1883 871 1959 quod
894 1882 1134 1961 fragmentumh'
1158 1882 1290 1942 Domitio
1314 1882 1425 1953 Marso,

302 1971 353 2029 alii
376 1971 489 2030 codices
512 1972 599 2031 velut
621 1970 816 2032 Eboracensis
845 1975 875 2030 et
897 1972 1082 2033 Monacensis
1106 1971 1213 2032 Ovidio
1238 1971 1424 2043 adscribunt,

301 2079 455 2119 unacum
478 2059 593 2120 Tibulli
616 2062 681 2120 vita
705 2063 834 2122 exhibet.

389 2148 455 2207 Iam
479 2168 514 2208 ex
537 2149 592 2210 hac
615 2151 775 2227 utriusque
798 2151 994 2212 similitudine
1018 2153 1110 2226 atque
1141 2151 1213 2210 adeo
1238 2149 1426 2225 aequalitate

301 2241 381 2298 recte
414 2238 590 2312 concludas,
624 2240 738 2300 codices
770 2241 824 2300 hos
856 2261 891 2301 ex
923 2241 1025 2300 eodem
1056 2240 1139 2299 fonte
1171 2258 1232 2298 esse
1262 2229 1423 2309 derivatos

302 2327 520 2388 vetustissimas
548 2329 639 2389 unius
670 2329 800 2390 familiae
830 2331 1019 2408 propagines.
1077 2328 1194 2388 Certius
1227 2347 1299 2387 vero
1333 2347 1425 2406 argu·

300 2420 437 2477 mentum
457 2418 641 2495 cognationis
660 2419 692 2476 in
712 2419 815 2497 elegiis
830 2419 902 2495 ipsis
922 2421 1014 2488 extat,
1032 2418 1112 2494 qnod
1131 2419 1260 2492 uterque
1278 2417 1424 2493 plurimas

300 2508 424 2583 praehet
454 2506 610 2577 lectiones,
642 2527 721 2583 quae
749 2509 806 2566 nisi
838 2529 873 2567 ex
904 2527 965 2568 uno
994 2508 1157 2583 eodemque
1180 2507 1281 2567 codice
1303 2506 1423 2566 fluxisse

300 2614 360 2655 non
393 2599 527 2672 possunt.
574 2595 659 2656 Inter
688 2616 764 2673 quas
792 2598 829 2657 ad
859 2598 934 2658 hanc
965 2596 1171 2674 quaestionem
1200 2595 1423 2655 diiudicandam

300 2685 459 2743 maximam
472 2685 533 2743 vim
550 2685 662 2745 habent
687 2706 738 2746 eae
763 2706 841 2762 quae
864 2686 939 2747 falsa
963 2687 1082 2763 apicum
1106 2686 1154 2745 vel
1177 2686 1421 2761 compendiorum

300 2774 547 2851 interpretatione
570 2778 660 2834 natae
683 2776 833 2840 videntur.
880 2776 1012 2836 Afferam
1034 2776 1132 2854 igitur
1155 2794 1191 2834 ex
1213 2778 1299 2834 tanto
1325 2793 1421 2834 exem·

300 2864 420 2940 plorum
435 2882 560 2923 numero
577 2884 672 2940 pauca
686 2865 773 2925 haec:
797 2865 822 2938 Ι,
841 2872 867 2937 1,
886 2871 942 2930 37:
958 2865 1039 2924 AV:
1058 2868 1097 2937 et,
1114 2860 1272 2946 A¹BG¹):
1289 2882 1316 2935 e,
1329 2861 1371 2926 O:
1388 2863 1422 2921 de

300 2952 326 3024 Ι,
340 2958 370 3024 4,
385 2953 441 3017 29:
458 2952 540 3012 AV:
566 2955 597 3012 te
612 2954 720 3030 perdit,
745 2950 951 3014 A¹Bov2G2
977 2954 1122 3031 deperdit.
1147 2952 1189 3027 ΙΙ,
1210 2959 1237 3024 l,
1258 2957 1318 3025 45;
1343 2951 1422 3010 AV:

301 3042 410 3117 Antea,
423 3038 537 3101 Aue:
553 3043 665 3102 Aurea.
690 3043 731 3118 II,
749 3048 780 3117 4,
798 3049 856 3108 33:
872 3045 950 3102 AV:
966 3045 1089 3115 incerta,
1104 3043 1184 3120 quod
1196 3040 1377 3101 Baehrensio
1390 3060 1424 3100 ex

301 3134 381 3194 victa
398 3158 432 3184 =
449 3131 550 3191 vincta
574 3136 711 3192 exortum
735 3133 866 3203 videtur,
890 3152 1021 3210 proquo
1045 3134 1163 3207 „victa“
1182 3133 1264 3191 recte
1279 3131 1424 3206 praebent

301 3216 408 3280 Aoo.
424 3220 466 3292 ΙΙ,
484 3226 514 3292 4,
532 3225 591 3284 44:
615 3221 726 3282 AVB:
751 3223 921 3298 obsequias,
945 3220 1058 3282 Aua:
1084 3222 1233 3299 exequias.
1259 3220 1301 3292 ΙΙ,
1316 3225 1347 3291 4,
1362 3223 1422 3284 59:

301 3309 382 3369 AV:
407 3308 524 3383 Sinon,
541 3311 650 3370 ceteri:
675 3310 707 3370 Si
723 3313 820 3372 modo.
843 3310 885 3383 II,
905 3317 934 3384 5,
952 3318 1013 3377 35:
1030 3311 1142 3370 AVB:
1166 3310 1295 3384 Illaque,
1312 3308 1422 3370 ceteri:

300 3399 367 3458 Illa.
391 3398 433 3470 H,
459 3404 488 3470 5,
516 3404 596 3464 116:
621 3400 703 3459 AV:
728 3402 826 3477 opida,
851 3402 958 3461 ceteri:
983 3401 1093 3477 oppida
1109 3401 1194 3477 (item
1211 3398 1266 3473 IV,
1286 3404 1314 3474 1,
1336 3398 1422 3472 174).

301 3488 342 3559 Π,
358 3494 387 3562 6,
405 3493 462 3552 32:
479 3487 589 3547 AVB:
606 3489 714 3562 ferant,
732 3491 842 3550 ceteri:
859 3490 962 3551 feram.
987 3489 1029 3561 II,
1048 3495 1077 3562 6,
1095 3494 1154 3554 46:
1179 3487 1256 3546 AV:
1277 3491 1424 3564 tuncque,

302 3578 383 3653 quod
406 3577 579 3654 compendio
602 3598 695 3654 prave
718 3579 803 3639 illato
828 3583 966 3640 exortum
989 3579 1111 3639 videtur
1135 3597 1170 3638 ex
1199 3579 1296 3652 „itq;“
1323 3578 1423 3654 (ΐῑςις),

302 3667 393 3726 ceteri
408 3670 506 3729 recte:
531 3667 625 3744 itque.
650 3667 708 3740 HI,
737 3675 764 3740 1,
792 3673 849 3733 15:
874 3668 987 3728 AVB:
1012 3670 1135 3739 Parvos,
1152 3667 1260 3727 ceteri:
1285 3666 1423 3726 Parvos

301 3755 358 3826 III,
388 3762 415 3831 1,
444 3760 499 3820 16:
538 3755 648 3816 AVB:
681 3760 870 3829 umbrosam,
903 3759 1009 3819 ceteri:
1040 3759 1188 3817 umbram.
1220 3755 1278 3830 III,
1305 3759 1335 3830 3,
1364 3759 1423 3819 14:

302 3845 412 3904 AVB:
448 3844 594 3919 thariste,
627 3847 734 3907 ceteri:
771 3851 898 3923 caryste.
934 3848 996 3918 HI,
1030 3852 1059 3921 3,
1085 3852 1144 3910 21:
1181 3844 1261 3905 AV:
1297 3843 1424 3915 hmini,

302 3936 406 3995 ceteri:
443 3935 606 3997 hominum.
642 3936 700 4007 ΙΙΙ,
733 3942 763 4008 4,
789 3941 827 4002 9:
862 3937 972 3996 AVB:
1008 3939 1115 3995 natum
1146 3937 1299 4006 maturas,
1331 3930 1423 3992 A1e:

302 4044 415 4083 vanum
438 4028 580 4097 ventura,
613 4045 647 4084 ex
671 4045 730 4103 qua
762 4026 923 4086 lectionum
947 4024 1114 4086 differentia
1137 4024 1314 4085 concludere
1336 4041 1423 4101 posse

392 4215 418 4286 1)
436 4221 505 4274 nota
523 4215 555 4274 Al
576 4218 699 4277 codicem
717 4220 919 4277 Eboraoensem
938 4220 1094 4293 significare
1113 4221 1216 4292 placet·
