2946 5026
510 367 728 426 ..25-

58 538 227 612 potuerim;
260 538 350 598 immo
382 539 407 598 is
431 559 520 615 quem
552 539 616 614 ipse
645 544 853 615 perscrutatus
876 561 958 611 sum,
984 541 1178 613 Monacensis,

57 627 211 697 omnibus,
235 630 272 687 ut
301 646 394 702 supra
423 628 538 688 dictum
562 630 616 703 est,
644 628 792 690 Italorum
823 629 1107 706 interpolationibus
1129 631 1179 689 vel

58 716 149 774 etiam
168 717 369 791 posteriorum
391 717 546 777 bominum
569 719 743 779 commentis
765 720 862 779 scatet
884 739 983 796 neque
1004 719 1067 779 ullo
1090 721 1179 780 modo

58 826 76 864 a
99 804 349 865 Lachmannianis
372 805 477 866 littera
500 806 522 865 G
545 807 657 866 notatis
680 808 781 868 differt
805 809 995 869 auctoritate.

146 894 270 955 Praeter
299 895 352 955 hos
383 895 480 973 igitur
512 895 627 980 codices
657 897 736 957 inter
766 917 867 958 omnes
899 899 953 974 qui
986 897 1083 957 adhuc
1106 899 1180 957 sunt

58 984 192 1053 excussi,
224 984 329 1045 nullus
359 984 417 1044 nisi
448 1005 527 1044 unus
559 984 771 1047 Foroiuliensis
802 986 1026 1047 Guarnerianus
1034 986 1056 1061 ¹)
1090 1007 1179 1063 quem

57 1073 86 1131 J.
112 1072 150 1131 Α.
176 1072 307 1149 Vulpius
329 1073 495 1134 Patavinus
518 1075 665 1150 excerpsit
697 1079 727 1135 et
755 1075 896 1138 lectiones
920 1077 1051 1153 potiores
1073 1076 1178 1152 primis

56 1181 130 1221 suae
154 1161 291 1223 editionis
316 1163 447 1238 (Patavii
474 1162 571 1246 1749)
596 1165 713 1242 paginis
736 1165 872 1237 inseruit,
897 1186 987 1226 unam
1013 1165 1179 1226 alteramve

55 1252 251 1326 lacunarum,
283 1253 319 1312 de
343 1253 453 1328 quibus
476 1271 568 1330 supra
590 1253 826 1330 disputavimus,
855 1255 1000 1316 intactam
1022 1254 1179 1331 reliquisse

58 1341 188 1401 videtur.

146 1429 212 1490 Iam
234 1431 289 1491 bac
312 1432 470 1502 decanea,
495 1432 577 1507 qnod
599 1432 661 1493 fere
684 1433 776 1493 nullis
798 1433 948 1493 Italorum
971 1433 1178 1510 interpolatio-

54 1520 147 1580 nibus
170 1520 321 1596 inquinati
344 1523 416 1580 sunt
439 1540 456 1578 a
478 1522 577 1597 priore
600 1522 733 1596 librario,
758 1523 931 1582 Baehrensii
947 1523 1060 1583 codices
1076 1520 1179 1581 lvo

54 1609 182 1685 plurimi
205 1612 278 1669 sunt
301 1610 477 1670 aestimandi
500 1610 808 1688 Lachmannianisque
831 1611 1072 1690 praeponendi2).

145 1700 189 1759 At
211 1699 337 1758 forsitan
361 1700 431 1760 libri
454 1699 637 1760 Lachmanni
660 1700 754 1760 Aac
778 1722 813 1761 ex
836 1702 895 1761 alio
912 1705 1004 1778 atque
1027 1701 1178 1761 Baehren-

54 1788 132 1847 siani
155 1788 237 1848 fonte
260 1789 390 1849 derivati
413 1789 490 1860 sint3
524 1790 592 1848 tum
620 1790 753 1867 profecto
776 1792 808 1849 in
831 1810 864 1850 re
886 1791 990 1851 critica
1012 1790 1179 1851 factitando

53 1877 178 1938 minime
194 1878 346 1938 debebunt
368 1878 413 1937 illi
428 1879 558 1957 neglegi,
583 1881 720 1955 quamvis
736 1880 834 1939 multa
850 1885 1052 1940 correctorum
1076 1899 1178 1940 recen-

53 1967 170 2026 tiorum
191 1968 223 2025 in
247 1968 288 2028 eis
312 1970 415 2027 extent
437 1969 575 2047 vestigia.
609 1969 737 2030 Proinde
760 1970 837 2029 banc
860 1971 896 2030 de
920 1970 1055 2030 codicum
1079 1969 1178 2029 affini·

53 2059 121 2115 tate
145 2057 352 2132 quaestionem
376 2058 597 2137 aggrediamur.

325 2274 365 2332 11.
384 2274 427 2330 De
445 2273 596 2330 codicibus
615 2273 778 2330 Baehrens!
796 2273 821 2329 A
840 2275 871 2330 et
888 2274 921 2331 V.

147 2403 267 2463 Codices
284 2402 519 2463 Ambrosianum
543 2407 573 2462 et
597 2403 779 2464 Vaticanum
802 2404 1021 2464 vetustissimos
1045 2406 1179 2464 omnium

55 2492 170 2554 Tibulli
194 2493 342 2552 librorum
364 2493 442 2553 inter
474 2512 504 2552 se
528 2499 669 2571 cognatos
694 2513 772 2568 esse,
797 2493 856 2552 iam
879 2493 976 2569 primo
999 2497 1111 2569 optutu
1133 2494 1179 2553 in·

55 2582 216 2660 tellegitur
245 2582 313 2641 inde
337 2582 417 2659 quod
452 2602 520 2642 cum
555 2583 646 2643 ceteri
670 2584 783 2643 codices
806 2582 925 2660 longius
957 2584 1119 2660 propiusve
1142 2585 1179 2643 ab

56 2692 163 2731 eorum
186 2690 330 2732 consensu
358 2672 544 2747 discrepent,
577 2673 694 2731 eosdem
716 2673 864 2732 librorum
886 2672 993 2732 titulos
1018 2673 1179 2748 eademque

55 2761 247 2840 singularum
278 2761 443 2839 elegiarum
474 2762 616 2821 lemmata
639 2766 771 2838 uterque
800 2761 892 2821 codex
916 2761 1044 2836 exhibet,
1069 2763 1179 2839 quibus

55 2851 158 2910 titulis
198 2850 260 2910 fere
293 2851 488 2910 rubricatoris
519 2851 640 2928 signum
672 2851 737 2914 R⁰⁸
767 2851 814 2910 vel
838 2843 922 2943 ,Rea
955 2851 1091 2910 additum
1123 2854 1177 2911 est.

55 2939 248 3010 Lemmutum
278 2940 463 3000 differentiae
491 2960 584 3016 paene
616 2940 718 3000 nullae
740 2942 812 3000 sunt
835 2959 933 3015 neque
965 2943 1085 3000 exortae
1117 2960 1179 3000 esse

56 3029 218 3101 videntur,
249 3029 305 3087 nisi
336 3028 412 3088 falsa
438 3029 665 3089 enuntiatorum
698 3031 898 3089 verborumve
927 3028 1178 3106 interpunctione,

149 3238 175 3308 1)
195 3242 266 3297 Vide
286 3242 388 3311 Heynii
407 3243 449 3297 ed.
469 3244 555 3312 praef.
575 3261 621 3313 pg.
641 3243 747 3296 XXIV:
767 3244 882 3298 lacunas
901 3246 998 3297 contra
1017 3246 1081 3312 post
1098 3261 1124 3296 v.
1144 3243 1178 3307 ll,

55 3315 81 3379 3,
104 3312 136 3366 15
156 3316 185 3368 et
203 3314 238 3379 H,
257 3314 282 3379 3,
302 3314 336 3366 75
361 3314 391 3368 in
416 3314 630 3368 Baehrensianis
657 3318 785 3369 extantes
811 3315 854 3368 his
880 3314 1044 3369 commentis
1063 3312 1180 3384 praebet

55 3385 199 3455 expletas:
690 3383 694 3405 ³

293 3456 370 3526 ,Ipse
389 3456 425 3510 ad
443 3457 586 3510 umbrosus
605 3457 705 3512 ducere
723 3457 813 3512 fertur
830 3456 932 3526 aquus“
955 3460 985 3512 et

240 3527 313 3592 ,Mos
333 3545 430 3599 precor
447 3528 497 3582 ille
515 3528 574 3582 redi
592 3529 734 3598 patienter
752 3546 845 3582 rursus
864 3531 897 3582 ut
916 3527 1006 3582 olim.“

56 3619 188 3674 Ceterum
198 3617 244 3671 hic
255 3634 365 3686 quoque
377 3618 463 3671 codex
473 3634 506 3671 ex
516 3617 625 3671 familia
644 3617 703 3670 AV
722 3617 834 3686 pendet,
853 3617 949 3671 multis
958 3619 987 3670 et
1002 3615 1178 3669 librariorum

57 3690 197 3745 erroribus
216 3691 245 3743 et
263 3689 408 3743 doctorum
419 3688 564 3742 hominum
582 3687 846 3757 interpolationibus
866 3688 1037 3757 inquinatus,
1057 3688 1135 3742 velut
1154 3688 1175 3753 l,

57 3761 83 3824 3,
103 3761 152 3815 73:
172 3759 235 3815 lllic
254 3763 283 3815 et
301 3760 404 3826 iuveni,
424 3760 472 3826 Ill,
492 3761 517 3825 6,
536 3760 586 3813 41:
605 3760 750 3828 minorque
770 3760 976 3815 carunuszd.

148 3855 176 3925 2)
195 3857 313 3913 Versum
323 3858 370 3922 IV,
393 3859 415 3923 1,
436 3855 508 3922 112b,
528 3875 611 3926 quem
620 3857 820 3913 Baehrensiani
834 3857 967 3912 exhibent
976 3874 1079 3921 omnes,
1092 3857 1181 3911 Lach-

58 3929 204 3989 manniani
221 3934 334 3998 praeter
352 3931 376 3983 A
395 3933 424 3984 et
442 3948 457 3985 c
476 3929 643 3993 omiserunt3
663 3930 698 3983 de
716 3929 885 3984 Eboracensi
895 3929 1008 3997 quidem
1019 3929 1088 3983 certi
1106 3928 1178 3982 nihil

58 4005 182 4067 constat,
207 4001 256 4055 sed
278 4019 390 4056 versum
415 4001 444 4055 in
470 4018 502 4056 eo
529 4005 674 4055 exaratum
699 4000 785 4055 fuisse
803 4001 868 4055 inde
887 4001 962 4069 quod
980 4000 1111 4055 Heinsius
1130 4000 1178 4053 ud·

60 4077 153 4128 notat:
185 4071 252 4138 ,112
278 4073 389 4127 saecula
413 4071 519 4127 fama&
547 4075 641 4142 potest
665 4073 808 4126 concludi:
833 4072 864 4125 in
887 4071 1058 4126 Wittianum
1084 4073 1178 4125 autem

60 4149 133 4201 certe
153 4162 187 4200 ex
204 4143 382 4226 inte1polutis
401 4144 541 4199 codicibus
560 4144 656 4199 illatus
676 4147 727 4209 est,
746 4143 879 4213 quoniam
898 4144 1016 4200 eandem
1034 4143 1074 4202 ibi
1093 4145 1178 4217 atque

61 4216 90 4277 in
107 4215 306 4280 recentissima
324 4215 403 4277 libris
421 4215 508 4277 habet
526 4217 658 4277 formam:
683 4216 809 4286 ,saecula
826 4213 929 4275 vitae.
