2946 5026
403 435 408 449 “
511 437 730 496 -11-

148 610 205 685 ΙΙΙ,
231 616 261 685 3,
287 617 327 675 22
353 611 383 669 in
407 611 649 688 Frisingensibus
673 613 773 670 extat:

286 701 364 760 Nec
386 700 510 759 fortuna
534 719 589 759 sua
612 703 748 775 tempora
771 699 838 776 lege
862 699 950 777 gerit,

56 810 128 849 cum
152 791 243 849 ceteri
266 792 439 866 praebeant,
465 791 544 866 quod
568 809 599 848 re
623 809 694 848 vera
717 788 891 866 Lygdamus
915 787 1054 863 scripsit:

181 878 271 937 Nam
293 880 416 938 fortuna
439 898 493 938 sua
516 882 652 954 tempora
676 879 741 955 lege
765 877 845 954 regit
868 877 961 955 (gerit
985 876 1059 951 alii).

147 968 210 1041 IV,
248 975 301 1039 14,
336 974 353 1032 2
391 968 518 1044 denique
554 970 693 1043 excerpta
727 986 780 1042 pro
819 967 955 1025 codicum
993 966 1182 1043 integrorum

55 1057 227 1133 scriptura:

259 1147 346 1206 Nunc
371 1166 426 1223 ego
450 1167 496 1206 me
520 1146 618 1205 surdis
642 1147 766 1206 auribus
791 1164 854 1205 esse
877 1144 977 1216 velim,

55 1236 150 1296 talem
176 1255 313 1295 versum:
339 1236 427 1295 Nunc
443 1255 498 1312 ego
522 1239 552 1295 te
562 1235 667 1310 ,surdis
684 1255 709 1293 c.
727 1257 755 1311 q.
774 1254 817 1310 sq.
835 1235 1039 1293 inseruerunt.
1074 1232 1182 1291 Omnes

55 1326 115 1385 hae
140 1326 364 1384 immutationes
388 1344 530 1385 versuum
555 1344 739 1400 quamquam
762 1325 843 1383 haud
861 1341 978 1401 graves
1003 1326 1102 1382 tamen
1119 1321 1183 1380 sola

25 1403 39 1411 ⁸
56 1415 178 1474 librarii
208 1415 343 1474 socordia
383 1414 634 1492 neglegentiaque
668 1414 800 1473 extitisse
829 1432 888 1472 non
919 1413 1077 1483 videntum
1111 1413 1183 1469 sunt

56 1504 156 1581 igitur
172 1504 424 1579 interpolationes.
461 1502 519 1562 seu
543 1523 611 1562 cum
634 1502 691 1564 hac
714 1503 829 1562 ratione
853 1521 996 1562 versuum
1020 1500 1183 1560 sententiae

57 1593 135 1652 aliae
160 1613 175 1652 e
198 1593 337 1652 carminis
362 1613 476 1653 conexu
500 1593 560 1650 sint
583 1593 708 1664 solutae,
734 1592 809 1651 aliae
832 1595 869 1651 ut
891 1592 987 1669 magis
1004 1590 1183 1668 generaliter

57 1682 286 1759 intellegantur,
312 1683 472 1757 paululum
497 1681 727 1741 transformatae
751 1683 793 1760 (id
818 1681 898 1756 quod
932 1681 1040 1740 codicis
1072 1678 1183 1755 integri

56 1771 177 1831 librarii
199 1790 310 1830 munus
342 1791 404 1830 esse
427 1791 485 1830 non
508 1772 641 1847 potuit),
676 1772 713 1829 ab
745 1792 777 1830 00
808 1771 860 1846 qui
894 1770 1011 1847 eclogas
1044 1769 1182 1838 confecit,

58 1861 284 1920 immutationes
307 1862 361 1920 has
384 1861 533 1936 profectas
558 1879 619 1918 0000
642 1880 760 1920 necesse
784 1863 836 1920 est.

152 1949 221 2008 Alia
253 1953 354 2008 autem
387 1951 506 2026 praeter
533 1949 593 2008 tria
623 1950 694 2008 haec
727 1953 911 2025 quattuorve
943 1946 1183 2022 interpolationis

62 2039 191 2114 vestigia
214 2039 245 2096 in
270 2039 513 2115 Frisingensibus
544 2057 602 2096 11011
633 2039 787 2116 indagavi,
818 2058 917 2113 neque
940 2037 1000 2096 scio
1033 2056 1069 2093 an
1093 2036 1183 2111 plura

59 2128 190 2187 inveniri
213 2147 271 2186 non
295 2129 420 2203 possint.
467 2128 540 2186 Fuit
572 2128 649 2186 enim
674 2128 812 2205 fiorilegii
842 2127 933 2186 huius
965 2125 1041 2185 ratio
1071 2125 1108 2183 ab
1133 2144 1183 2181 ex·

60 2217 174 2293 carptis
198 2217 350 2288 Parisinis,
384 2238 461 2293 quae
493 2217 641 2292 posterius
665 2218 751 2276 nobis
781 2217 938 2276 tractanda
963 2219 1062 2287 erunt,
1095 2215 1183 2290 longe

60 2307 189 2366 diversa.
238 2306 317 2365 Nam
348 2307 373 2365 is
406 2306 459 2383 qui
490 2306 695 2383 Frisingenses
721 2307 838 2383 eclogas
868 2304 1046 2380 composuit,
1080 2321 1183 2362 versus

63 2395 116 2470 qui
142 2400 265 2471 propter
288 2396 439 2470 poeticum
463 2396 611 2471 quendam
639 2396 768 2455 colorem
791 2396 848 2454 vel
871 2414 990 2453 sensum
1015 2392 1182 2470 generalem

60 2486 87 2544 ei
112 2485 260 2560 placuisse
292 2485 443 2569 videptur,
479 2485 601 2544 minime
632 2486 717 2544 anxie
741 2484 903 2560 assumpsit
936 2503 1033 2558 neque
1065 2481 1185 2540 curavit

23 2647 24 2651 Ἰ
59 2578 169 2632 utrum
192 2575 254 2632 suis
277 2575 464 2649 temporibus
488 2574 642 2633 offensioni
666 2593 727 2633 esse
751 2578 872 2649 possent
895 2592 1001 2643 necne3
1027 2572 1099 2647 quin
1117 2590 1183 2629 sen-

59 2663 172 2722 tentias
207 2664 244 2721 ad
267 2663 415 2723 Venerem
445 2667 615 2739 spectantes
650 2663 751 2722 studio
783 2663 912 2740 quodam
945 2665 975 2721 et
1006 2679 1105 2719 amore
1134 2679 1184 2717 ex-

60 2752 203 2828 cerpsisse
227 2753 349 2829 videtur
363 2755 395 2829 ¹),
421 2753 625 2812 Parisinorum
650 2755 754 2812 contra
777 2754 882 2812 auctor
906 2752 993 2827 plane
1018 2749 1184 2809 00010101-

60 2840 190 2900 midavit
214 2844 268 2900 aut
291 2845 371 2901 totas
396 2843 502 2901 saltem
526 2842 762 2901 transformavit.
797 2842 957 2900 Praeterea
980 2838 1184 2917 grammaticis

60 2931 190 2989 maxime
213 2931 381 2990 rationibus
406 2932 493 2990 illurn
517 2932 643 2990 ductum
667 2950 738 3002 esse,
763 2932 788 2990 si
813 2933 1020 3006 excerptorum
1043 2929 1185 2987 lectiones

60 3021 291 3096 perlustramus
316 3024 456 3096 apparet:
481 3040 678 3097 quaecunque
702 3021 727 3080 ei
744 3021 935 3079 adnotatione
963 3019 1066 3092 aliqua
1093 3017 1186 3094 digna

61 3127 125 3168 esse
149 3109 340 3183 videbantur,
365 3110 438 3169 haec
461 3112 553 3169 verba
576 3111 625 3169 vel
648 3130 683 3169 ex
706 3110 922 3169 sententiarum
947 3126 1062 3168 conexu
1085 3107 1185 3165 soluta

63 3199 166 3258 eadem
190 3219 250 3274 qua
280 3199 310 3256 in
335 3199 434 3258 codice
467 3199 579 3274 scripta
609 3201 751 3258 extabant
784 3199 880 3257 forma
911 3197 943 3257 in
968 3199 1106 3271 excerpta
1130 3214 1185 3254 sua

59 3288 186 3362 recepit,
210 3291 246 3347 ut
261 3289 348 3347 modo
364 3289 484 3347 nomina
500 3288 700 3366 geographica
716 3287 754 3366 (Ι,
774 3294 802 3359 7,
822 3294 851 3352 3.
872 3294 908 3351 ll
928 3306 971 3362 sq.
996 3285 1054 3359 ΙΙΙ,
1069 3290 1099 3359 3,
1118 3288 1183 3359 29),

62 3377 152 3436 modo
176 3395 262 3436 voces
296 3378 332 3435 ad
356 3381 493 3436 veterum
524 3397 621 3436 mores
653 3380 792 3453 artesque
824 3379 991 3452 spectantes
1016 3374 1051 3451 (Ι,
1080 3381 1106 3444 1,
1135 3379 1184 3437 17.

62 3464 88 3536 Ι,
115 3470 144 3538 6,
171 3471 223 3529 19.
247 3465 271 3535 Ι,
298 3472 327 3539 7,
353 3472 382 3530 2.
409 3471 460 3530 35.
487 3473 539 3530 45.
564 3466 605 3540 ΙΙ,
632 3472 661 3539 3,
687 3471 739 3530 63.
772 3465 829 3535 ΙΙΙ,
855 3471 884 3538 6,
910 3469 953 3540 2),
985 3464 1072 3523 modo
1097 3482 1184 3523 voea-

61 3556 135 3615 bula
168 3556 291 3630 propter
318 3575 418 3614 raram
450 3575 535 3614 casus
566 3557 693 3614 formam
726 3555 967 3630 scripturamque
998 3554 1061 3612 sive
1091 3553 1184 3630 signi·

62 3643 234 3703 ficationem
258 3646 401 3705 notabilia
425 3645 462 3720 (Ι,
481 3650 509 3713 8,
529 3650 581 3708 51.
605 3646 629 3716 Ι,
651 3650 699 3716 10,
718 3650 747 3708 8.
772 3642 1003 3714 ΙΙ,3,10.19.
1028 3641 1069 3713 ΙΙ,
1096 3647 1124 3713 5,
1151 3644 1183 3718 3)

55 3733 151 3809 -quasi
167 3733 291 3793 disiecta
306 3753 451 3793 versuum
473 3736 608 3793 mambra
631 3734 741 3810 passim
765 3733 963 3796 inveniamus.
1011 3731 1070 3801 oui
1093 3732 1185 3790 talem

61 3822 211 3881 rationem
235 3823 383 3898 sequitur,
408 3824 433 3882 is
457 3843 524 3882 raro
549 3825 629 3900 quod
652 3825 757 3899 poetae
776 3825 869 3882 verba
892 3821 1061 3896 interpolet,
1086 3823 1185 3896 potest

62 3911 185 3973 habere.¹
231 3911 460 3982 Quamobrem
484 3932 519 3970 ex
543 3913 689 3988 excerptis
705 3911 947 3989 Frisingensibus
971 3910 1079 3970 codicis
1102 3909 1184 3968 illius

62 4001 179 4061 vetusti
202 4020 262 4076 quo
286 4003 501 4078 grammaticus
533 4020 606 4061 usus
638 4006 693 4073 est,
725 4001 857 4077 pretium
885 4000 973 4061 facile
997 3998 1183 4076 colligemus,

153 4213 180 4281 1)
199 4216 305 4270 Extant
323 4216 353 4280 in
372 4216 508 4286 excerptis
527 4217 749 4288 Frisingensibus
769 4234 864 4272 versus
888 4216 910 4284 Ι,
929 4215 954 4286 2,
975 4214 1017 4269 19.
1037 4213 1078 4268 36.
1098 4213 1131 4265 41
1144 4231 1184 4288 sq.

61 4288 82 4357 1,
103 4286 129 4356 4,
149 4287 174 4347 9,
194 4287 242 4355 111,
261 4286 286 4356 2,
306 4288 320 4341 1
341 4305 381 4362 sq.
401 4287 459 4347 alii.
