2946 5026
622 388 840 448 ...30...

174 560 270 619 forma
293 580 329 620 ex
352 560 502 636 scripture
525 559 634 621 codicis
658 560 814 620 cuiusdam
830 561 884 637 qui
909 560 1101 621 exhibuerat:
1125 559 1195 636 Ipse
1217 559 1295 619 inter

173 668 279 728 greges
295 649 433 725 interque
449 652 517 723 ete,
541 669 613 710 voce
629 669 706 725 quae
723 653 768 709 est
792 654 889 727 ,que“
908 669 998 726 super
1013 649 1097 726 prius
1113 649 1294 710 vocabulum

176 739 291 814 ,inter“
328 738 547 815 superscripta3
584 739 664 814 quod
697 758 765 798 cum
795 740 891 800 scriba
921 758 980 798 non
1013 741 1093 798 recte
1115 738 1294 816 intellegens

172 831 242 888 ante
264 846 367 888 vocem
393 827 508 902 „inter“
535 829 715 904 particulam
739 829 833 902 illam,
857 829 954 888 forma
977 829 1008 886 in
1029 832 1189 905 „quoque“
1216 847 1294 887 com·

172 919 292 976 mutata
326 917 381 994 (sic
412 918 460 976 vel
483 917 620 978 similiter
642 918 757 976 factum
780 921 868 995 puto)
899 917 1095 989 inseruisset,
1126 917 1238 977 codicis
1259 917 1294 975 ,A

172 1007 315 1066 librarius
344 1009 381 1065 ut
403 1007 506 1066 versui
529 1010 734 1079 succurreret,
766 1008 947 1068 vocabulum
971 1007 1051 1084 quod
1075 1008 1120 1066 est
1146 1011 1291 1085 ,greges“

172 1095 203 1153 in
230 1100 356 1173 „agros“
383 1096 627 1167 transformavit,
660 1095 799 1156 Vaticani
830 1099 932 1156 autem
956 1096 1053 1156 scriba
1075 1096 1227 1156 intactum
1249 1115 1293 1154 re·

172 1185 281 1261 liquit,
316 1185 360 1244 ita
383 1188 419 1244 ut
442 1191 522 1246 certe
546 1185 802 1262 Guelferbytanus
833 1205 1008 1263 germanam
1040 1203 1145 1246 versus
1168 1186 1295 1245 formam

173 1274 313 1334 exhibeat
335 1274 430 1333 solus:
1018 1296 1020 1302 ·

318 1363 387 1440 Ipse
410 1362 549 1437 interque
572 1382 678 1440 greges
701 1364 840 1439 interque
864 1366 1000 1424 armenta
1024 1363 1148 1440 Cupido.

261 1451 353 1512 Vides
376 1451 487 1528 quibus
515 1451 587 1510 locis
611 1453 702 1513 codex
726 1452 751 1512 G
774 1472 844 1512 cum
866 1471 928 1511 uno
952 1454 1085 1513 alterove
1108 1453 1245 1512 codicum
1267 1453 1293 1511 A

173 1544 204 1600 et
226 1541 254 1598 V
277 1541 452 1614 consentiat,
476 1541 565 1600 illum
588 1541 650 1602 fere
673 1562 776 1601 veram
799 1543 957 1603 lectionem
973 1543 1123 1618 praebere,
1149 1561 1219 1601 cum
1243 1545 1293 1600 aut

172 1631 200 1688 A
224 1634 278 1690 aut
300 1629 328 1686 V
352 1631 390 1689 ab
415 1631 570 1706 archetypi
594 1631 744 1707 scriptura
767 1631 962 1691 aberraverit.
973 1632 996 1706 ¹)

262 1718 319 1779 Sed
351 1721 455 1778 extant
487 1720 578 1778 etiam
607 1720 775 1796 complures
798 1721 873 1794 loci,
899 1720 1011 1796 quibus
1035 1738 1115 1779 unus
1139 1719 1167 1777 A
1192 1722 1292 1780 contra

173 1827 349 1868 consensum
372 1809 502 1867 duorum
525 1809 653 1868 aliorum
676 1804 709 1869 id
730 1810 812 1886 quod
836 1809 1017 1886 archetypus
1040 1809 1202 1884 praebuit,
1227 1829 1291 1886 pro·

173 1899 308 1976 pegavit,
333 1897 435 1958 velut:
471 1897 497 1970 I,
523 1902 552 1972 6,
580 1904 637 1963 12:
668 1898 706 1970 A,
720 1895 812 1961 A¹B:
847 1901 920 1958 tunc
944 1898 1060 1980 (recte),
1086 1897 1168 1957 VG:
1205 1918 1291 1972 nunc,
1325 1956 1330 1969 ,

173 1989 252 2063 quod
277 1988 385 2046 horum
408 1990 538 2063 uterque
565 1987 641 2047 falso
671 1989 794 2064 propter
818 1990 994 2048 antecedens
1020 1992 1137 2062 ,nunc“
1165 1989 1291 2065 scripsit.

173 2076 215 2150 II,
243 2083 270 2151 l,
296 2081 355 2141 22:
392 2076 475 2136 AB:
510 2076 642 2154 ingeret,
678 2077 761 2149 VG,
785 2073 868 2137 Ac:
894 2077 1026 2156 ingerat,
1062 2078 1143 2153 quod
1179 2077 1292 2138 librarii

173 2165 371 2226 coniunctivis
406 2183 548 2226 versuum
586 2171 624 2230 19
659 2169 689 2226 et
719 2172 761 2230 20
794 2166 915 2225 adducti
948 2169 1150 2226 correxerunt.
1198 2166 1239 2238 Π,
1265 2172 1292 2240 5,

174 2260 234 2319 64:
259 2254 369 2314 ABd:
393 2254 518 2328 Noscar,
542 2254 625 2314 Vs:
651 2255 773 2325 Noscat,
798 2256 872 2315 falso
896 2259 1134 2327 commutatum
1158 2252 1294 2315 A¹V²ce

172 2347 254 2404 recte
277 2346 487 2403 correxerunt:
512 2342 632 2404 Vescar.
660 2344 714 2419 IV,
735 2351 762 2419 1,
783 2349 863 2409 171:
888 2345 915 2402 A
931 2345 955 2402 B
969 2345 1008 2404 C:
1033 2346 1124 2417 lenta,
1149 2344 1176 2401 V
1191 2344 1227 2418 G,
1243 2340 1293 2403 A¹:

172 2433 253 2514 lqta,
290 2453 421 2510 eprava
444 2433 633 2506 coniectura,
668 2454 737 2494 cum
760 2433 874 2494 scribae
897 2435 1046 2493 librorum
1068 2435 1180 2494 laetam
1204 2435 1296 2494 vitem

172 2526 209 2582 ut
232 2523 350 2598 saepius
374 2523 484 2582 dictam
508 2540 570 2583 esse
594 2524 779 2599 putaverint.

263 2611 424 2672 Nonnullis
455 2631 526 2671 vero
557 2613 630 2672 locis
661 2612 769 2673 codicis
792 2612 820 2670 A
848 2612 991 2672 librarius
1025 2616 1106 2673 recte
1140 2613 1294 2690 archetypi

86 2772 90 2783 ι
172 2701 330 2761 lectionem
362 2701 545 2771 emendavit,
581 2702 683 2761 velut:
708 2702 733 2774 I,
759 2708 789 2774 3,
817 2706 875 2766 13:
909 2702 984 2773 VG,
1021 2699 1097 2762 A¹d=
1133 2722 1294 2779 nusquam,

172 2790 280 2850 ABc:
317 2810 480 2866 nunquam.
526 2790 568 2864 ΙΙ,
594 2796 623 2865 2,
653 2796 690 2855 19
723 2791 754 2850 in
778 2791 805 2849 A
829 2791 979 2866 particula
1010 2794 1080 2867 „at“
1106 2792 1216 2852 omissa
1240 2795 1294 2862 ast,

172 2898 264 2955 quam
289 2878 354 2938 VG
378 2900 413 2939 ex
436 2880 598 2956 archetypo
621 2881 755 2946 tradunt.
802 2880 856 2953 IV,
884 2887 911 2951 1,
938 2886 977 2944 55
1002 2882 1130 2958 denique
1145 2881 1174 2939 A
1198 2882 1296 2940 solum

173 2968 293 3029 exhibet
319 2972 486 3043 ,vertere“,
511 2988 579 3029 cum
602 2970 744 3029 librarius
767 2970 798 3029 id
814 2970 894 3046 quod
909 2969 940 3027 in
957 2971 1120 3047 archetypo
1137 2972 1296 3031 exaratum

174 3062 248 3129 erat,
271 3077 330 3117 non
355 3058 543 3136 intellegens,
574 3059 654 3119 sicut
677 3059 766 3118 etiam
790 3059 863 3118 alias
886 3058 967 3133 fecit,
991 3060 1172 3135 particulam
1199 3064 1292 3134 ,con“

172 3148 259 3222 plane
281 3147 424 3208 omiserit.

261 3237 326 3295 Iem
350 3239 474 3313 apparet
496 3237 589 3296 libros
616 3237 644 3295 A
668 3238 699 3297 et
722 3236 750 3293 V
773 3237 954 3297 auctoritate
984 3237 1047 3298 fere
1077 3256 1164 3314 pares
1197 3257 1296 3315 neque

171 3327 272 3385 tamen
303 3325 502 3402 interpolandi
525 3325 696 3386 temeritate
719 3327 808 3402 plane
830 3327 939 3386 liberos
962 3345 1034 3401 esse,
1059 3346 1127 3386 cum
1150 3327 1182 3385 in
1204 3329 1295 3387 utro-

173 3434 232 3490 que
267 3415 468 3490 aequabiliter
501 3419 703 3475 correctorum
742 3415 988 3476 commutationes
1026 3416 1295 3492 deprehendamus.

172 3503 284 3562 Tamen
307 3504 406 3564 codice
430 3502 682 3581 Guelferbytano,
707 3525 797 3580 quem
828 3505 905 3564 alius
927 3505 1058 3565 familiae
1082 3523 1145 3566 esse
1167 3505 1216 3566 hic
1239 3526 1296 3583 pro

173 3596 255 3652 certo
278 3612 373 3668 ponc,
398 3593 476 3652 infra
498 3593 596 3652 fusius
620 3594 839 3668 demonstrab0,
865 3594 1015 3666 adhibito,
1047 3594 1154 3654 codicis
1178 3598 1215 3654 ut
1239 3597 1296 3655 hoc

172 3683 264 3742 verbo
287 3685 358 3741 utar
380 3683 513 3758 parentis
536 3682 580 3764 (et
604 3683 667 3742 eius
691 3703 726 3743 ex
750 3702 809 3760 quo
833 3702 940 3760 parens
962 3686 1052 3743 natus
1076 3685 1133 3759 est)
1165 3685 1297 3760 speciem

173 3771 313 3850 colligere
340 3790 507 3848 possumne.
555 3771 629 3830 Erat
659 3773 711 3832 ille
742 3771 964 3833 characteribus
996 3773 1217 3850 langobardicis
1242 3794 1294 3834 ex-

172 3863 288 3932 aratus,
322 3861 352 3919 id
377 3861 455 3937 quod
487 3880 522 3918 ex
553 3861 663 3921 litteris
687 3882 709 3921 u
732 3865 762 3921 et
784 3882 814 3932 n,
838 3883 860 3921 u
884 3866 914 3921 et
937 3882 963 3936 a,
988 3866 1102 3935 cett,
1132 3881 1164 3919 m
1196 3865 1294 3939 etin,

173 3950 238 4008 aliis
261 3951 341 4009 inter
364 3969 394 4009 se
418 3949 549 4010 confusis
573 3951 688 4021 elucet,
724 3954 754 4010 et
784 3951 874 4009 unius
905 3951 1036 4009 familiae
1060 3954 1124 4010 erat
1146 3971 1292 4030 propago,

263 4161 288 4230 l)
307 4164 527 4218 Lachmanniani
542 4164 624 4218 modo
643 4183 705 4219 cum
720 4166 770 4218 hoc
783 4166 865 4219 modo
879 4184 941 4219 cunr
954 4166 1004 4219 illc
1024 4171 1182 4236 congruunt
1200 4185 1290 4236 neque

172 4237 276 4290 certam
295 4236 388 4305 legem
407 4236 485 4303 sequi
504 4236 641 4289 videntur.
