2946 5026
768 420 985 480 ..50-

406 592 471 651 Iam
503 592 575 668 quid
609 593 645 652 de
675 593 766 652 tertia
790 611 933 653 versuum
964 593 1215 669 transpositorum
1244 592 1438 654 commissura

317 681 510 741 iudicandum
534 682 582 755 sit,
608 682 779 742 videamus:

406 789 547 848 Richtero
571 807 675 847 versus
701 793 776 851 24¹¹¹¹¹
800 791 830 847 et
855 793 931 852 33¹²¹³
954 789 1070 864 placuit
1093 789 1291 866 coniungere:

357 877 467 955 „Agna
490 878 576 938 cadet
598 878 682 937 vobis
708 876 862 958 (Laribus)
886 897 976 953 quam
1000 879 1113 938 circum
1136 879 1248 937 rustica
1272 882 1370 954 pubes

407 966 533 1025 Clamet:
558 967 587 1025 io
610 985 719 1026 messes
744 969 773 1025 et
796 969 874 1026 bona
898 967 967 1025 vina
990 967 1070 1026 date.

364 1054 404 1114 At
427 1075 479 1115 vos
505 1055 613 1133 exiguo
636 1056 745 1131 pecori,
770 1056 913 1131 furesque
936 1057 1072 1132 lupique,

405 1145 540 1215 Parcite3
566 1145 601 1204 de
624 1163 733 1222 magno
757 1148 802 1206 est
825 1145 934 1221 praeda
956 1147 1084 1221 petenda
1107 1149 1228 1223 grege.“

317 1260 374 1319 Sed
397 1279 456 1319 non
481 1263 525 1319 est
548 1261 676 1320 dubium
707 1261 780 1336 quin
810 1261 870 1319 ista
893 1279 1036 1320 versuum
1060 1260 1231 1320 coniunctio
1256 1279 1316 1318 non
1340 1261 1435 1320 minus

317 1368 421 1425 aspera
445 1352 536 1424 atque
558 1350 731 1426 importuna
755 1349 794 1408 sit
818 1370 909 1426 quam
932 1370 1009 1426 quae
1032 1351 1064 1408 in
1087 1350 1241 1410 codicibus
1265 1350 1339 1426 ipsis
1357 1352 1436 1410 extat

316 1438 476 1497 tralaticia.

405 1527 449 1586 De
472 1527 575 1585 Haasii
598 1529 746 1587 sententia
770 1547 873 1588 versus
899 1533 940 1591 24
964 1530 994 1586 et
1019 1533 1094 1592 35¹¹¹⁰
1117 1527 1197 1586 inter
1225 1547 1257 1586 se
1280 1531 1435 1589 conecten-

316 1617 356 1676 tis
387 1620 468 1676 recte
499 1617 641 1676 disseruit
664 1617 824 1676 Richterus
856 1638 905 1695 pg.
933 1623 950 1680 5
976 1635 1038 1692 sq,
1072 1618 1126 1694 qui
1149 1617 1197 1675 vir
1226 1617 1334 1677 doctus
1366 1619 1435 1678 haec

316 1706 443 1766 disticha
467 1710 596 1769 19-24
621 1709 650 1764 et
675 1712 715 1770 35
740 1726 783 1782 sq.
809 1707 947 1766 omnibus
971 1706 1116 1766 machinis
1140 1706 1242 1782 potius
1265 1707 1436 1767 dissecando

316 1815 406 1871 quam
431 1795 586 1854 conflanda
610 1796 735 1859 censuit.
1187 1802 1191 1807 ’

404 1884 511 1944 Restat
533 1884 630 1961 igitur
654 1904 745 1959 quarn
769 1883 967 1943 Baehrensius
983 1885 1181 1960 Prieniusque
1204 1887 1435 1961 proposuerunt,

316 1992 459 2032 versuum
496 1978 536 2037 23
573 1992 616 2048 sq.
652 1993 720 2032 cum
752 1979 792 2038 37
818 1993 861 2049 sq.
898 1973 1078 2034 coniunctio.
1138 1972 1220 2043 Quae
1255 1994 1436 2051 quamquam

315 2063 442 2122 maxime
466 2062 599 2121 omnium
623 2062 743 2122 videtur
774 2063 917 2122 concinna
941 2097 981 2105 —
1007 2083 1076 2121 nam
1100 2063 1290 2140 singulorum
1314 2065 1435 2124 deorum

316 2152 403 2211 cultu
438 2154 576 2210 enarrata
609 2171 669 2210 una
705 2142 964 2228 comprehensione
997 2171 1097 2211 omnes
1134 2151 1253 2212 caelites
1292 2153 1435 2230 agricolas

316 2242 513 2317 complectens
537 2241 648 2327 optimc
671 2260 761 2300 versu
788 2247 826 2305 37
852 2241 894 2300 sic
918 2260 1041 2319 pergere
1065 2241 1166 2317 potuit
1189 2245 1292 2317 poeta:

521 2347 645 2421 adsitis,
670 2348 742 2418 divi,
767 2368 826 2407 neu
850 2366 902 2406 vos
927 2368 942 2406 e
965 2368 1097 2424 paupere
1120 2367 1222 2407 mensa
1315 2350 1319 2359 '

565 2437 650 2495 Dona
673 2456 727 2496 nec
752 2457 767 2495 e
790 2437 873 2513 puris
897 2438 1027 2514 spernite
1049 2437 1194 2497 fictilibus
1210 2473 1244 2481 -

315 2557 416 2612 tamen
450 2553 507 2611 nisi
544 2553 618 2611 aliae
653 2553 915 2612 transmutationis
950 2572 1055 2612 causae
1090 2554 1251 2623 accedunt,
1286 2572 1348 2612 una
1383 2553 1433 2612 hac

315 2642 493 2702 transitione
526 2644 693 2718 opportuna
717 2660 821 2701 versus
854 2660 902 2700 cos
934 2643 970 2701 de
999 2642 1110 2717 quibus
1138 2642 1258 2719 agitur,
1291 2641 1323 2699 in
1353 2642 1433 2702 libris

315 2732 434 2807 scriptis
459 2731 554 2790 alieno
577 2732 640 2790 loco
666 2733 767 2790 extare
790 2731 875 2790 nobis
898 2731 1020 2806 probari
1035 2731 1151 2806 nequit,
1176 2731 1354 2806 praesertim
1370 2750 1433 2790 cum

315 2823 416 2881 tantas
441 2820 613 2879 offensiones
638 2840 672 2879 ex
696 2820 871 2879 traiectione
895 2820 1091 2879 distichorum
1114 2819 1278 2879 viderimus
1302 2819 1385 2885 oriri,

405 2909 471 2980 Qua
494 2910 530 2967 de
553 2929 585 2968 re
608 2929 645 2968 ne
668 2909 766 2968 Prieni
782 2908 804 2985 1)
833 2909 957 2984 quidem
988 2909 1151 2968 sententiae
1179 2911 1215 2967 ut
1238 2908 1432 2968 assentiamur

316 3016 475 3076 possumus
506 2998 617 3062 induci,
663 2998 720 3057 Hic
751 2998 829 3058 enim
852 2999 899 3057 vir
930 2999 1036 3057 doctus
1060 3020 1077 3057 a
1101 2997 1245 3075 Scaligeri
1272 2997 1431 3074 transposi-

315 3089 447 3148 tionibus
477 3087 629 3163 profectus
659 3106 763 3146 versus
800 3092 926 3151 19-24
958 3090 1026 3145 ante
1051 3093 1091 3152 37
1116 3088 1300 3158 inserendos,
1333 3104 1431 3147 versus

316 3181 418 3237 autem
443 3183 459 3239 7
485 3197 529 3252 sq.
556 3179 586 3235 et
610 3181 650 3241 33
676 3194 719 3252 sq.
742 3179 779 3235 ut
810 3177 1021 3252 suppositicios
1052 3176 1196 3236 eiciendos
1222 3194 1284 3235 esse
1308 3175 1430 3236 censuit.

314 3267 357 3327 At
380 3268 411 3326 in
434 3271 541 3326 neutro
565 3267 673 3324 horum
697 3265 894 3325 distichorum
917 3266 1084 3341 quidquam
1107 3265 1203 3341 spurii
1233 3265 1329 3325 inesse
1353 3265 1431 3324 vide-

314 3359 384 3428 tur;
409 3375 512 3416 versus
536 3359 616 3415 certe
637 3359 678 3419 33
703 3374 746 3431 sq.
772 3374 829 3413 non
854 3358 975 3430 propter
998 3356 1054 3415 hoc
1076 3375 1173 3413 unum
1195 3354 1305 3414 reicere
1329 3372 1431 3429 possu·
1465 3428 1468 3433 Ι

314 3464 391 3517 muS,
417 3447 497 3521 quod
520 3445 599 3504 inter
623 3447 728 3503 votum
751 3447 856 3520 poetae
879 3445 960 3519 quod
983 3464 1011 3503 v.
1031 3449 1071 3508 25
1096 3445 1285 3503 contineatur
1308 3443 1432 3518 (Possim

315 3539 472 3595 contentus
495 3534 597 3594 vivere
620 3538 726 3610 parvo)
758 3535 788 3592 et
820 3552 940 3593 causam
965 3534 1045 3605 voti,
1079 3553 1170 3609 quam
1194 3553 1222 3592 v.
1249 3537 1290 3597 35
1315 3551 1360 3609 sq.
1385 3552 1432 3592 ex·

315 3625 386 3700 poni
410 3624 453 3683 ait
468 3624 515 3683 vir
531 3624 637 3682 doctus
662 3622 733 3698 (Hic
757 3641 811 3700 ego
835 3627 1046 3698 pastoremque
1069 3643 1169 3682 meum
1192 3623 1321 3682 lustrare
1345 3623 1432 3698 quot-

315 3713 398 3773 annis
430 3715 500 3789 etc.)
531 3712 576 3770 illi
604 3712 665 3772 sint
695 3713 907 3787 inopportuni3
942 3732 1033 3788 quam
1056 3731 1127 3771 vero
1159 3713 1196 3772 ob
1227 3732 1291 3771 rem
1318 3712 1434 3770 eosdem

315 3821 419 3863 versus
443 3803 539 3861 totius
563 3801 702 3862 carminis
735 3802 899 3861 sententiae
927 3801 1088 3877 primariae
1116 3797 1264 3880 (versibus
1290 3804 1445 3875 25-2dl‘

314 3912 482 3970 repugnare
506 3894 626 3951 censeat
649 3891 710 3961 ille,
734 3891 908 3967 intellegere
924 3909 1057 3966 nequeo;
1082 3890 1172 3949 immo
1195 3890 1308 3966 optime
1331 3910 1434 3950 curam

315 4002 380 4042 eam
404 4001 494 4058 quarn
518 3981 548 4039 in
572 4000 664 4056 parvo
697 3999 751 4038 suo
783 3999 873 4057 grege
903 3985 992 4055 poeta
1023 3998 1195 4038 consumere
1218 3998 1281 4039 sese
1305 3979 1435 4040 ostendit

316 4074 357 4148 (v.
384 4070 540 4149 rsa-32),
568 4069 716 4129 illustrari
739 4068 799 4128 illis
822 4069 1026 4129 videmus-
1051 4069 1157 4146 Neque
1181 4069 1317 4130 versibus
1343 4076 1433 4145 7sq.,

405 4263 432 4331 1)
452 4264 625 4319 Fleckeiseni
643 4282 707 4318 ann.
727 4264 780 4318 vol.
801 4264 873 4329 XVl,
895 4263 971 4329 1870,
991 4282 1037 4333 pg.
1057 4262 1108 4316 689
1128 4281 1188 4332 sqq.
