<?xml version="1.0" encoding="UTF-8"?>
<!DOCTYPE html PUBLIC "-//W3C//DTD XHTML 1.0 Transitional//EN"
    "http://www.w3.org/TR/xhtml1/DTD/xhtml1-transitional.dtd">
<html xmlns="http://www.w3.org/1999/xhtml" xml:lang="en" lang="en">
 <head>
  <title>
</title>
<meta http-equiv="Content-Type" content="text/html;charset=utf-8" />
  <meta name='ocr-system' content='tesseract 3.04.00' />
  <meta name='ocr-capabilities' content='ocr_page ocr_carea ocr_par ocr_line ocrx_word'/>
</head>
<body>
  <div class='ocr_page' id='page_1' title='image "./decodicibustibu01leongoog_0010.png"; bbox 0 0 2946 5026; ppageno 0'>
   <div class='ocr_carea' id='block_1_1' title="bbox 15 1421 1185 4268">
    <p class='ocr_par' dir='ltr' id='par_1_1' title="bbox 62 1421 1185 2037">
     <span class='ocr_line' id='line_1_1' title="bbox 154 1421 1185 1498; baseline 0.003 -19"><span class='ocrx_word' id='word_1_1' title='bbox 154 1422 245 1482; x_wconf 81' lang='lat' dir='ltr'>Extat</span> <span class='ocrx_word' id='word_1_2' title='bbox 268 1423 298 1480; x_wconf 94' lang='lat' dir='ltr'>in</span> <span class='ocrx_word' id='word_1_3' title='bbox 322 1423 503 1483; x_wconf 66' lang='lat' dir='ltr'>bibliotheca</span> <span class='ocrx_word' id='word_1_4' title='bbox 526 1421 734 1480; x_wconf 88' lang='lat' dir='ltr'>universitatis</span> <span class='ocrx_word' id='word_1_5' title='bbox 750 1421 933 1480; x_wconf 83' lang='lat' dir='ltr'>Monacensis</span> <span class='ocrx_word' id='word_1_6' title='bbox 954 1422 1045 1480; x_wconf 83' lang='lat' dir='ltr'>codex</span> <span class='ocrx_word' id='word_1_7' title='bbox 1061 1423 1185 1498; x_wconf 89' lang='lat' dir='ltr'>quidam</span> 
     </span>
     <span class='ocr_line' id='line_1_2' title="bbox 62 1511 1183 1588; baseline 0.002 -19"><span class='ocrx_word' id='word_1_8' title='bbox 62 1514 320 1584; x_wconf 87' lang='lat' dir='ltr'>membranaceus,</span> <span class='ocrx_word' id='word_1_9' title='bbox 333 1512 445 1570; x_wconf 89' lang='lat' dir='ltr'>formae</span> <span class='ocrx_word' id='word_1_10' title='bbox 462 1512 618 1588; x_wconf 83' lang='lat' dir='ltr'>oblongae,</span> <span class='ocrx_word' id='word_1_11' title='bbox 636 1511 753 1570; x_wconf 89' lang='lat' dir='ltr'>saeculo</span> <span class='ocrx_word' id='word_1_12' title='bbox 773 1513 810 1569; x_wconf 92' lang='lat' dir='ltr'>ut</span> <span class='ocrx_word' id='word_1_13' title='bbox 826 1511 947 1570; x_wconf 90' lang='lat' dir='ltr'>videtur</span> <span class='ocrx_word' id='word_1_14' title='bbox 962 1511 1017 1568; x_wconf 87' lang='lat' dir='ltr'>XV</span> <span class='ocrx_word' id='word_1_15' title='bbox 1034 1515 1183 1587; x_wconf 89' lang='lat' dir='ltr'>exaratus,</span> 
     </span>
     <span class='ocr_line' id='line_1_3' title="bbox 63 1599 1185 1678; baseline 0.004 -20"><span class='ocrx_word' id='word_1_16' title='bbox 63 1602 118 1676; x_wconf 93' lang='lat' dir='ltr'>qui</span> <span class='ocrx_word' id='word_1_17' title='bbox 150 1605 270 1677; x_wconf 88' lang='lat' dir='ltr'>praeter</span> <span class='ocrx_word' id='word_1_18' title='bbox 293 1601 442 1677; x_wconf 72' lang='lat' dir='ltr'>Propertii</span> <span class='ocrx_word' id='word_1_19' title='bbox 474 1600 665 1659; x_wconf 90' lang='lat' dir='ltr'>monobiblon</span> <span class='ocrx_word' id='word_1_20' title='bbox 689 1599 887 1675; x_wconf 82' lang='lat' dir='ltr'>Sapphusque</span> <span class='ocrx_word' id='word_1_21' title='bbox 920 1601 1076 1676; x_wconf 89' lang='lat' dir='ltr'>epistolam</span> <span class='ocrx_word' id='word_1_22' title='bbox 1107 1623 1185 1678; x_wconf 89' lang='lat' dir='ltr'>quae</span> 
     </span>
     <span class='ocr_line' id='line_1_4' title="bbox 63 1689 1182 1764; baseline 0.002 -15"><span class='ocrx_word' id='word_1_23' title='bbox 63 1689 166 1750; x_wconf 83' lang='lat' dir='ltr'>Ovidii</span> <span class='ocrx_word' id='word_1_24' title='bbox 182 1691 300 1751; x_wconf 88' lang='lat' dir='ltr'>nomine</span> <span class='ocrx_word' id='word_1_25' title='bbox 315 1690 536 1763; x_wconf 70' lang='lat' dir='ltr'>circumfertur,</span> <span class='ocrx_word' id='word_1_26' title='bbox 561 1690 693 1748; x_wconf 88' lang='lat' dir='ltr'>carmina</span> <span class='ocrx_word' id='word_1_27' title='bbox 709 1708 830 1764; x_wconf 90' lang='lat' dir='ltr'>quoquc</span> <span class='ocrx_word' id='word_1_28' title='bbox 846 1690 979 1749; x_wconf 88' lang='lat' dir='ltr'>continet</span> <span class='ocrx_word' id='word_1_29' title='bbox 995 1690 1182 1762; x_wconf 83' lang='lat' dir='ltr'>Tibulliana3</span> 
     </span>
     <span class='ocr_line' id='line_1_5' title="bbox 62 1779 1185 1857; baseline 0 -18"><span class='ocrx_word' id='word_1_30' title='bbox 62 1784 107 1839; x_wconf 88' lang='lat' dir='ltr'>est</span> <span class='ocrx_word' id='word_1_31' title='bbox 123 1781 218 1840; x_wconf 87' lang='lat' dir='ltr'>nitide</span> <span class='ocrx_word' id='word_1_32' title='bbox 241 1782 381 1857; x_wconf 88' lang='lat' dir='ltr'>scriptus,</span> <span class='ocrx_word' id='word_1_33' title='bbox 405 1780 505 1839; x_wconf 88' lang='lat' dir='ltr'>titulis</span> <span class='ocrx_word' id='word_1_34' title='bbox 529 1779 776 1856; x_wconf 83' lang='lat' dir='ltr'>argumentisque</span> <span class='ocrx_word' id='word_1_35' title='bbox 800 1779 989 1855; x_wconf 87' lang='lat' dir='ltr'>singulorum</span> <span class='ocrx_word' id='word_1_36' title='bbox 1011 1783 1185 1854; x_wconf 76' lang='lat' dir='ltr'>poematum</span> 
     </span>
     <span class='ocr_line' id='line_1_6' title="bbox 62 1868 1185 1943; baseline 0.001 -17"><span class='ocrx_word' id='word_1_37' title='bbox 62 1889 81 1926; x_wconf 90' lang='lat' dir='ltr'>a</span> <span class='ocrx_word' id='word_1_38' title='bbox 100 1871 289 1929; x_wconf 89' lang='lat' dir='ltr'>rubricatore</span> <span class='ocrx_word' id='word_1_39' title='bbox 312 1871 489 1938; x_wconf 88' lang='lat' dir='ltr'>instructus,</span> <span class='ocrx_word' id='word_1_40' title='bbox 513 1868 711 1927; x_wconf 87' lang='lat' dir='ltr'>multifariam</span> <span class='ocrx_word' id='word_1_41' title='bbox 736 1871 766 1927; x_wconf 87' lang='lat' dir='ltr'>et</span> <span class='ocrx_word' id='word_1_42' title='bbox 789 1868 820 1926; x_wconf 94' lang='lat' dir='ltr'>in</span> <span class='ocrx_word' id='word_1_43' title='bbox 843 1868 907 1943; x_wconf 88' lang='lat' dir='ltr'>ipso</span> <span class='ocrx_word' id='word_1_44' title='bbox 931 1871 1092 1928; x_wconf 88' lang='lat' dir='ltr'>verborum</span> <span class='ocrx_word' id='word_1_45' title='bbox 1115 1889 1185 1929; x_wconf 90' lang='lat' dir='ltr'>con-</span> 
     </span>
     <span class='ocr_line' id='line_1_7' title="bbox 62 1958 1182 2037; baseline 0.002 -21"><span class='ocrx_word' id='word_1_46' title='bbox 62 1962 152 2018; x_wconf 88' lang='lat' dir='ltr'>textu</span> <span class='ocrx_word' id='word_1_47' title='bbox 176 1964 206 2018; x_wconf 89' lang='lat' dir='ltr'>et</span> <span class='ocrx_word' id='word_1_48' title='bbox 227 1960 259 2016; x_wconf 92' lang='lat' dir='ltr'>in</span> <span class='ocrx_word' id='word_1_49' title='bbox 282 1960 417 2037; x_wconf 84' lang='lat' dir='ltr'>margine</span> <span class='ocrx_word' id='word_1_50' title='bbox 441 1958 619 2035; x_wconf 87' lang='lat' dir='ltr'>paginarum</span> <span class='ocrx_word' id='word_1_51' title='bbox 644 1958 850 2032; x_wconf 92' lang='lat' dir='ltr'>compluribus</span> <span class='ocrx_word' id='word_1_52' title='bbox 867 1959 1005 2017; x_wconf 92' lang='lat' dir='ltr'>manibus</span> <span class='ocrx_word' id='word_1_53' title='bbox 1021 1962 1182 2018; x_wconf 87' lang='lat' dir='ltr'>correctus.</span> 
     </span>
    </p>

    <p class='ocr_par' dir='ltr' id='par_1_2' title="bbox 60 2047 1185 3463">
     <span class='ocr_line' id='line_1_8' title="bbox 152 2047 1184 2126; baseline 0.001 -21"><span class='ocrx_word' id='word_1_54' title='bbox 152 2048 265 2108; x_wconf 87' lang='lat' dir='ltr'>Tibulli</span> <span class='ocrx_word' id='word_1_55' title='bbox 301 2049 412 2126; x_wconf 85' lang='lat' dir='ltr'>elegiae</span> <span class='ocrx_word' id='word_1_56' title='bbox 448 2067 631 2124; x_wconf 89' lang='lat' dir='ltr'>quamquam</span> <span class='ocrx_word' id='word_1_57' title='bbox 665 2047 695 2104; x_wconf 92' lang='lat' dir='ltr'>in</span> <span class='ocrx_word' id='word_1_58' title='bbox 732 2048 848 2106; x_wconf 87' lang='lat' dir='ltr'>eosdem</span> <span class='ocrx_word' id='word_1_59' title='bbox 883 2047 999 2106; x_wconf 90' lang='lat' dir='ltr'>libellos</span> <span class='ocrx_word' id='word_1_60' title='bbox 1030 2051 1122 2123; x_wconf 90' lang='lat' dir='ltr'>atque</span> <span class='ocrx_word' id='word_1_61' title='bbox 1153 2049 1184 2106; x_wconf 92' lang='lat' dir='ltr'>in</span> 
     </span>
     <span class='ocr_line' id='line_1_9' title="bbox 61 2136 1183 2210; baseline 0.001 -15"><span class='ocrx_word' id='word_1_62' title='bbox 61 2137 169 2196; x_wconf 91' lang='lat' dir='ltr'>ceteris</span> <span class='ocrx_word' id='word_1_63' title='bbox 192 2138 344 2197; x_wconf 87' lang='lat' dir='ltr'>codicibus</span> <span class='ocrx_word' id='word_1_64' title='bbox 367 2137 583 2197; x_wconf 89' lang='lat' dir='ltr'>recentioribus</span> <span class='ocrx_word' id='word_1_65' title='bbox 607 2136 804 2210; x_wconf 80' lang='lat' dir='ltr'>distributae,</span> <span class='ocrx_word' id='word_1_66' title='bbox 829 2140 929 2194; x_wconf 90' lang='lat' dir='ltr'>tamen</span> <span class='ocrx_word' id='word_1_67' title='bbox 953 2137 1102 2196; x_wconf 86' lang='lat' dir='ltr'>continuis</span> <span class='ocrx_word' id='word_1_68' title='bbox 1126 2157 1183 2196; x_wconf 93' lang='lat' dir='ltr'>nu-</span> 
     </span>
     <span class='ocr_line' id='line_1_10' title="bbox 61 2226 1183 2306; baseline 0.001 -22"><span class='ocrx_word' id='word_1_69' title='bbox 61 2227 152 2285; x_wconf 90' lang='lat' dir='ltr'>meris</span> <span class='ocrx_word' id='word_1_70' title='bbox 168 2228 305 2306; x_wconf 88' lang='lat' dir='ltr'>singulae</span> <span class='ocrx_word' id='word_1_71' title='bbox 321 2227 480 2304; x_wconf 86' lang='lat' dir='ltr'>insignitae</span> <span class='ocrx_word' id='word_1_72' title='bbox 497 2230 568 2285; x_wconf 88' lang='lat' dir='ltr'>sunt</span> <span class='ocrx_word' id='word_1_73' title='bbox 580 2226 624 2284; x_wconf 89' lang='lat' dir='ltr'>ita</span> <span class='ocrx_word' id='word_1_74' title='bbox 639 2230 675 2284; x_wconf 93' lang='lat' dir='ltr'>ut</span> <span class='ocrx_word' id='word_1_75' title='bbox 688 2231 870 2301; x_wconf 90' lang='lat' dir='ltr'>postremum</span> <span class='ocrx_word' id='word_1_76' title='bbox 883 2226 1043 2284; x_wconf 89' lang='lat' dir='ltr'>voluminis</span> <span class='ocrx_word' id='word_1_77' title='bbox 1055 2247 1183 2301; x_wconf 89' lang='lat' dir='ltr'>carmen,</span> 
     </span>
     <span class='ocr_line' id='line_1_11' title="bbox 63 2316 1182 2394; baseline 0 -19"><span class='ocrx_word' id='word_1_78' title='bbox 63 2317 144 2391; x_wconf 90' lang='lat' dir='ltr'>quod</span> <span class='ocrx_word' id='word_1_79' title='bbox 173 2317 267 2394; x_wconf 86' lang='lat' dir='ltr'>vulgo</span> <span class='ocrx_word' id='word_1_80' title='bbox 289 2317 343 2391; x_wconf 88' lang='lat' dir='ltr'>IV,</span> <span class='ocrx_word' id='word_1_81' title='bbox 372 2323 411 2381; x_wconf 82' lang='grc'>14</span> <span class='ocrx_word' id='word_1_82' title='bbox 442 2316 636 2387; x_wconf 89' lang='lat' dir='ltr'>inscribitur,</span> <span class='ocrx_word' id='word_1_83' title='bbox 668 2317 748 2374; x_wconf 92' lang='lat' dir='ltr'>hunc</span> <span class='ocrx_word' id='word_1_84' title='bbox 778 2335 850 2390; x_wconf 90' lang='lat' dir='ltr'>prae</span> <span class='ocrx_word' id='word_1_85' title='bbox 881 2335 912 2374; x_wconf 93' lang='lat' dir='ltr'>se</span> <span class='ocrx_word' id='word_1_86' title='bbox 939 2316 1018 2374; x_wconf 88' lang='lat' dir='ltr'>ferat</span> <span class='ocrx_word' id='word_1_87' title='bbox 1039 2317 1182 2376; x_wconf 90' lang='lat' dir='ltr'>titulum:</span> 
     </span>
     <span class='ocr_line' id='line_1_12' title="bbox 62 2405 1185 2483; baseline 0.002 -20"><span class='ocrx_word' id='word_1_88' title='bbox 62 2405 168 2483; x_wconf 81' lang='lat' dir='ltr'>Elegia</span> <span class='ocrx_word' id='word_1_89' title='bbox 184 2407 340 2478; x_wconf 85' lang='lat' dir='ltr'>XXXVII,</span> <span class='ocrx_word' id='word_1_90' title='bbox 364 2407 400 2466; x_wconf 89' lang='lat' dir='ltr'>de</span> <span class='ocrx_word' id='word_1_91' title='bbox 416 2405 539 2463; x_wconf 89' lang='lat' dir='ltr'>infamia</span> <span class='ocrx_word' id='word_1_92' title='bbox 554 2424 626 2464; x_wconf 89' lang='lat' dir='ltr'>suae</span> <span class='ocrx_word' id='word_1_93' title='bbox 649 2405 769 2479; x_wconf 91' lang='lat' dir='ltr'>puellae</span> <span class='ocrx_word' id='word_1_94' title='bbox 792 2405 977 2464; x_wconf 88' lang='lat' dir='ltr'>tetrasticon.</span> <span class='ocrx_word' id='word_1_95' title='bbox 1017 2406 1088 2465; x_wconf 88' lang='lat' dir='ltr'>Post</span> <span class='ocrx_word' id='word_1_96' title='bbox 1105 2407 1185 2481; x_wconf 89' lang='lat' dir='ltr'>quod</span> 
     </span>
     <span class='ocr_line' id='line_1_13' title="bbox 62 2493 1183 2570; baseline -0.001 -16"><span class='ocrx_word' id='word_1_97' title='bbox 62 2514 182 2554; x_wconf 88' lang='lat' dir='ltr'>carmen</span> <span class='ocrx_word' id='word_1_98' title='bbox 209 2501 364 2555; x_wconf 87' lang='lat' dir='ltr'>exaratum</span> <span class='ocrx_word' id='word_1_99' title='bbox 401 2499 445 2554; x_wconf 92' lang='lat' dir='ltr'>est</span> <span class='ocrx_word' id='word_1_100' title='bbox 473 2493 688 2570; x_wconf 81' lang='lat' dir='ltr'>„Epitaphium</span> <span class='ocrx_word' id='word_1_101' title='bbox 713 2493 813 2553; x_wconf 88' lang='lat' dir='ltr'>Ovidii</span> <span class='ocrx_word' id='word_1_102' title='bbox 845 2495 875 2552; x_wconf 95' lang='lat' dir='ltr'>in</span> <span class='ocrx_word' id='word_1_103' title='bbox 899 2495 1088 2566; x_wconf 86' lang='lat' dir='ltr'>Tibullum“,</span> <span class='ocrx_word' id='word_1_104' title='bbox 1112 2497 1132 2558; x_wconf 83' lang='lat' dir='ltr'>i,</span> <span class='ocrx_word' id='word_1_105' title='bbox 1158 2516 1183 2554; x_wconf 95' lang='lat' dir='ltr'>e.</span> 
     </span>
     <span class='ocr_line' id='line_1_14' title="bbox 61 2583 1184 2662; baseline 0.002 -21"><span class='ocrx_word' id='word_1_106' title='bbox 61 2584 190 2642; x_wconf 92' lang='lat' dir='ltr'>Domitii</span> <span class='ocrx_word' id='word_1_107' title='bbox 202 2585 294 2644; x_wconf 90' lang='lat' dir='ltr'>Marsi</span> <span class='ocrx_word' id='word_1_108' title='bbox 319 2586 512 2662; x_wconf 88' lang='lat' dir='ltr'>epigramma,</span> <span class='ocrx_word' id='word_1_109' title='bbox 538 2587 567 2642; x_wconf 91' lang='lat' dir='ltr'>et</span> <span class='ocrx_word' id='word_1_110' title='bbox 594 2583 726 2658; x_wconf 85' lang='lat' dir='ltr'>„Tibulli</span> <span class='ocrx_word' id='word_1_111' title='bbox 742 2588 847 2658; x_wconf 89' lang='lat' dir='ltr'>poetae</span> <span class='ocrx_word' id='word_1_112' title='bbox 870 2584 968 2655; x_wconf 83' lang='lat' dir='ltr'>vita“,</span> <span class='ocrx_word' id='word_1_113' title='bbox 992 2585 1101 2643; x_wconf 89' lang='lat' dir='ltr'>desunt</span> <span class='ocrx_word' id='word_1_114' title='bbox 1124 2585 1184 2644; x_wconf 90' lang='lat' dir='ltr'>duo</span> 
     </span>
     <span class='ocr_line' id='line_1_15' title="bbox 62 2672 1183 2750; baseline -0.001 -19"><span class='ocrx_word' id='word_1_115' title='bbox 62 2673 117 2732; x_wconf 87' lang='lat' dir='ltr'>illa</span> <span class='ocrx_word' id='word_1_116' title='bbox 140 2673 268 2749; x_wconf 89' lang='lat' dir='ltr'>Priapea</span> <span class='ocrx_word' id='word_1_117' title='bbox 291 2695 369 2750; x_wconf 89' lang='lat' dir='ltr'>quae</span> <span class='ocrx_word' id='word_1_118' title='bbox 393 2673 524 2750; x_wconf 86' lang='lat' dir='ltr'>Scaliger</span> <span class='ocrx_word' id='word_1_119' title='bbox 548 2693 583 2732; x_wconf 90' lang='lat' dir='ltr'>ex</span> <span class='ocrx_word' id='word_1_120' title='bbox 608 2672 720 2731; x_wconf 82' lang='lat' dir='ltr'>Ouiacii</span> <span class='ocrx_word' id='word_1_121' title='bbox 742 2673 911 2750; x_wconf 84' lang='lat' dir='ltr'>fragmento</span> <span class='ocrx_word' id='word_1_122' title='bbox 934 2674 1115 2733; x_wconf 89' lang='lat' dir='ltr'>carminibus</span> <span class='ocrx_word' id='word_1_123' title='bbox 1133 2673 1183 2731; x_wconf 93' lang='lat' dir='ltr'>Ti-</span> 
     </span>
     <span class='ocr_line' id='line_1_16' title="bbox 62 2762 1185 2823; baseline -0.001 -2"><span class='ocrx_word' id='word_1_124' title='bbox 62 2763 205 2821; x_wconf 88' lang='lat' dir='ltr'>bullianis</span> <span class='ocrx_word' id='word_1_125' title='bbox 231 2765 347 2823; x_wconf 88' lang='lat' dir='ltr'>adiecit.</span> <span class='ocrx_word' id='word_1_126' title='bbox 395 2763 485 2821; x_wconf 89' lang='lat' dir='ltr'>Hunc</span> <span class='ocrx_word' id='word_1_127' title='bbox 518 2762 630 2821; x_wconf 91' lang='lat' dir='ltr'>librum</span> <span class='ocrx_word' id='word_1_128' title='bbox 653 2763 859 2822; x_wconf 90' lang='lat' dir='ltr'>Monacensem</span> <span class='ocrx_word' id='word_1_129' title='bbox 891 2783 960 2821; x_wconf 92' lang='lat' dir='ltr'>cum</span> <span class='ocrx_word' id='word_1_130' title='bbox 987 2782 1073 2822; x_wconf 90' lang='lat' dir='ltr'>nemo</span> <span class='ocrx_word' id='word_1_131' title='bbox 1097 2769 1185 2822; x_wconf 89' lang='lat' dir='ltr'>antea</span> 
     </span>
     <span class='ocr_line' id='line_1_17' title="bbox 64 2852 1184 2928; baseline 0 -18"><span class='ocrx_word' id='word_1_132' title='bbox 64 2852 259 2923; x_wconf 85' lang='lat' dir='ltr'>excussisset,</span> <span class='ocrx_word' id='word_1_133' title='bbox 292 2853 430 2928; x_wconf 87' lang='lat' dir='ltr'>equidem</span> <span class='ocrx_word' id='word_1_134' title='bbox 453 2852 484 2910; x_wconf 92' lang='lat' dir='ltr'>in</span> <span class='ocrx_word' id='word_1_135' title='bbox 507 2854 595 2910; x_wconf 90' lang='lat' dir='ltr'>tanta</span> <span class='ocrx_word' id='word_1_136' title='bbox 617 2854 765 2911; x_wconf 90' lang='lat' dir='ltr'>bonorum</span> <span class='ocrx_word' id='word_1_137' title='bbox 788 2852 902 2912; x_wconf 86' lang='lat' dir='ltr'>Tibulli</span> <span class='ocrx_word' id='word_1_138' title='bbox 926 2853 1060 2911; x_wconf 88' lang='lat' dir='ltr'>codicum</span> <span class='ocrx_word' id='word_1_139' title='bbox 1082 2853 1184 2928; x_wconf 89' lang='lat' dir='ltr'>inopia</span> 
     </span>
     <span class='ocr_line' id='line_1_18' title="bbox 63 2941 1182 3019; baseline 0.001 -19"><span class='ocrx_word' id='word_1_140' title='bbox 63 2942 293 3001; x_wconf 88' lang='lat' dir='ltr'>examinandum</span> <span class='ocrx_word' id='word_1_141' title='bbox 316 2943 444 3017; x_wconf 89' lang='lat' dir='ltr'>suscepi,</span> <span class='ocrx_word' id='word_1_142' title='bbox 469 2941 520 2999; x_wconf 93' lang='lat' dir='ltr'>sed</span> <span class='ocrx_word' id='word_1_143' title='bbox 543 2960 611 2999; x_wconf 88' lang='lat' dir='ltr'>mox</span> <span class='ocrx_word' id='word_1_144' title='bbox 635 2942 820 3000; x_wconf 89' lang='lat' dir='ltr'>accuratiore</span> <span class='ocrx_word' id='word_1_145' title='bbox 843 2943 1005 3001; x_wconf 88' lang='lat' dir='ltr'>lectionum</span> <span class='ocrx_word' id='word_1_146' title='bbox 1028 2961 1182 3019; x_wconf 89' lang='lat' dir='ltr'>compara-</span> 
     </span>
     <span class='ocr_line' id='line_1_19' title="bbox 62 3031 1184 3107; baseline 0.001 -19"><span class='ocrx_word' id='word_1_147' title='bbox 62 3031 155 3102; x_wconf 90' lang='lat' dir='ltr'>tione,</span> <span class='ocrx_word' id='word_1_148' title='bbox 180 3051 362 3107; x_wconf 89' lang='lat' dir='ltr'>quamquam</span> <span class='ocrx_word' id='word_1_149' title='bbox 387 3031 484 3089; x_wconf 89' lang='lat' dir='ltr'>multa</span> <span class='ocrx_word' id='word_1_150' title='bbox 507 3031 564 3091; x_wconf 85' lang='lat' dir='ltr'>sibi</span> <span class='ocrx_word' id='word_1_151' title='bbox 587 3031 679 3090; x_wconf 92' lang='lat' dir='ltr'>habet</span> <span class='ocrx_word' id='word_1_152' title='bbox 702 3031 831 3106; x_wconf 90' lang='lat' dir='ltr'>propria,</span> <span class='ocrx_word' id='word_1_153' title='bbox 856 3034 956 3089; x_wconf 90' lang='lat' dir='ltr'>tamen</span> <span class='ocrx_word' id='word_1_154' title='bbox 980 3032 1011 3089; x_wconf 92' lang='lat' dir='ltr'>in</span> <span class='ocrx_word' id='word_1_155' title='bbox 1038 3032 1184 3106; x_wconf 89' lang='lat' dir='ltr'>poematis</span> 
     </span>
     <span class='ocr_line' id='line_1_20' title="bbox 62 3118 1183 3196; baseline 0.002 -20"><span class='ocrx_word' id='word_1_156' title='bbox 62 3118 243 3179; x_wconf 89' lang='lat' dir='ltr'>Tibullianis</span> <span class='ocrx_word' id='word_1_157' title='bbox 258 3121 453 3180; x_wconf 89' lang='lat' dir='ltr'>restituendis</span> <span class='ocrx_word' id='word_1_158' title='bbox 469 3120 587 3178; x_wconf 91' lang='lat' dir='ltr'>nullum</span> <span class='ocrx_word' id='word_1_159' title='bbox 604 3121 840 3179; x_wconf 89' lang='lat' dir='ltr'>emolumentum</span> <span class='ocrx_word' id='word_1_160' title='bbox 856 3140 891 3179; x_wconf 93' lang='lat' dir='ltr'>ex</span> <span class='ocrx_word' id='word_1_161' title='bbox 908 3139 942 3179; x_wconf 90' lang='lat' dir='ltr'>eo</span> <span class='ocrx_word' id='word_1_162' title='bbox 963 3139 1048 3196; x_wconf 90' lang='lat' dir='ltr'>posse</span> <span class='ocrx_word' id='word_1_163' title='bbox 1071 3121 1183 3196; x_wconf 89' lang='lat' dir='ltr'>sperari</span> 
     </span>
     <span class='ocr_line' id='line_1_21' title="bbox 61 3209 1183 3286; baseline 0.002 -20"><span class='ocrx_word' id='word_1_164' title='bbox 61 3209 205 3282; x_wconf 84' lang='lat' dir='ltr'>intellexi,</span> <span class='ocrx_word' id='word_1_165' title='bbox 231 3210 342 3286; x_wconf 90' lang='lat' dir='ltr'>quippe</span> <span class='ocrx_word' id='word_1_166' title='bbox 365 3210 418 3286; x_wconf 89' lang='lat' dir='ltr'>qui</span> <span class='ocrx_word' id='word_1_167' title='bbox 442 3211 472 3268; x_wconf 92' lang='lat' dir='ltr'>et</span> <span class='ocrx_word' id='word_1_168' title='bbox 495 3209 679 3285; x_wconf 84' lang='lat' dir='ltr'>gravissimis</span> <span class='ocrx_word' id='word_1_169' title='bbox 703 3209 818 3268; x_wconf 90' lang='lat' dir='ltr'>librarii</span> <span class='ocrx_word' id='word_1_170' title='bbox 842 3211 992 3269; x_wconf 90' lang='lat' dir='ltr'>erroribus</span> <span class='ocrx_word' id='word_1_171' title='bbox 1016 3214 1129 3269; x_wconf 88' lang='lat' dir='ltr'>scateat</span> <span class='ocrx_word' id='word_1_172' title='bbox 1153 3215 1183 3268; x_wconf 91' lang='lat' dir='ltr'>et</span> 
     </span>
     <span class='ocr_line' id='line_1_22' title="bbox 61 3298 1182 3358; baseline 0.001 -3"><span class='ocrx_word' id='word_1_173' title='bbox 61 3299 191 3357; x_wconf 89' lang='lat' dir='ltr'>maxime</span> <span class='ocrx_word' id='word_1_174' title='bbox 214 3300 348 3357; x_wconf 91' lang='lat' dir='ltr'>omnium</span> <span class='ocrx_word' id='word_1_175' title='bbox 371 3299 526 3357; x_wconf 90' lang='lat' dir='ltr'>hominum</span> <span class='ocrx_word' id='word_1_176' title='bbox 549 3299 706 3357; x_wconf 88' lang='lat' dir='ltr'>doctorum</span> <span class='ocrx_word' id='word_1_177' title='bbox 729 3299 840 3358; x_wconf 89' lang='lat' dir='ltr'>saeculi</span> <span class='ocrx_word' id='word_1_178' title='bbox 863 3298 919 3356; x_wconf 88' lang='lat' dir='ltr'>XV</span> <span class='ocrx_word' id='word_1_179' title='bbox 943 3300 1117 3358; x_wconf 89' lang='lat' dir='ltr'>commentis</span> <span class='ocrx_word' id='word_1_180' title='bbox 1141 3300 1182 3358; x_wconf 90' lang='lat' dir='ltr'>sit</span> 
     </span>
     <span class='ocr_line' id='line_1_23' title="bbox 60 3387 250 3463; baseline 0.011 -19"><span class='ocrx_word' id='word_1_181' title='bbox 60 3387 250 3463; x_wconf 87' lang='lat' dir='ltr'>inquinatus.</span> 
     </span>
    </p>

    <p class='ocr_par' dir='ltr' id='par_1_3' title="bbox 15 3475 1182 4268">
     <span class='ocr_line' id='line_1_24' title="bbox 153 3475 1182 3553; baseline 0.002 -19"><span class='ocrx_word' id='word_1_182' title='bbox 153 3475 210 3535; x_wconf 82' lang='lat' dir='ltr'>Sed</span> <span class='ocrx_word' id='word_1_183' title='bbox 234 3478 475 3553; x_wconf 90' lang='lat' dir='ltr'>quandoquidem</span> <span class='ocrx_word' id='word_1_184' title='bbox 497 3477 528 3534; x_wconf 91' lang='lat' dir='ltr'>in</span> <span class='ocrx_word' id='word_1_185' title='bbox 552 3479 628 3536; x_wconf 90' lang='lat' dir='ltr'>hanc</span> <span class='ocrx_word' id='word_1_186' title='bbox 651 3478 687 3536; x_wconf 87' lang='lat' dir='ltr'>de</span> <span class='ocrx_word' id='word_1_187' title='bbox 710 3477 861 3536; x_wconf 88' lang='lat' dir='ltr'>codicibus</span> <span class='ocrx_word' id='word_1_188' title='bbox 885 3476 1063 3535; x_wconf 90' lang='lat' dir='ltr'>Tibullianis</span> <span class='ocrx_word' id='word_1_189' title='bbox 1087 3496 1182 3553; x_wconf 91' lang='lat' dir='ltr'>quae·</span> 
     </span>
     <span class='ocr_line' id='line_1_25' title="bbox 60 3565 1182 3642; baseline 0.002 -18"><span class='ocrx_word' id='word_1_190' title='bbox 60 3565 189 3625; x_wconf 90' lang='lat' dir='ltr'>stionem</span> <span class='ocrx_word' id='word_1_191' title='bbox 219 3566 398 3641; x_wconf 90' lang='lat' dir='ltr'>incideram,</span> <span class='ocrx_word' id='word_1_192' title='bbox 430 3587 498 3626; x_wconf 86' lang='lat' dir='ltr'>cunr</span> <span class='ocrx_word' id='word_1_193' title='bbox 528 3566 763 3626; x_wconf 91' lang='lat' dir='ltr'>recentissimam</span> <span class='ocrx_word' id='word_1_194' title='bbox 787 3566 870 3625; x_wconf 87' lang='lat' dir='ltr'>Albii</span> <span class='ocrx_word' id='word_1_195' title='bbox 903 3566 1062 3625; x_wconf 88' lang='lat' dir='ltr'>editionem</span> <span class='ocrx_word' id='word_1_196' title='bbox 1093 3567 1182 3642; x_wconf 89' lang='lat' dir='ltr'>plane</span> 
     </span>
     <span class='ocr_line' id='line_1_26' title="bbox 60 3655 1181 3733; baseline 0.003 -20"><span class='ocrx_word' id='word_1_197' title='bbox 60 3655 149 3714; x_wconf 84' lang='lat' dir='ltr'>novis</span> <span class='ocrx_word' id='word_1_198' title='bbox 180 3656 223 3714; x_wconf 90' lang='lat' dir='ltr'>rei</span> <span class='ocrx_word' id='word_1_199' title='bbox 255 3656 376 3716; x_wconf 86' lang='lat' dir='ltr'>criticae</span> <span class='ocrx_word' id='word_1_200' title='bbox 407 3656 547 3716; x_wconf 86' lang='lat' dir='ltr'>subsidiis</span> <span class='ocrx_word' id='word_1_201' title='bbox 578 3656 742 3715; x_wconf 87' lang='lat' dir='ltr'>confectam</span> <span class='ocrx_word' id='word_1_202' title='bbox 772 3656 877 3714; x_wconf 86' lang='lat' dir='ltr'>multis</span> <span class='ocrx_word' id='word_1_203' title='bbox 908 3655 980 3715; x_wconf 88' lang='lat' dir='ltr'>locis</span> <span class='ocrx_word' id='word_1_204' title='bbox 1002 3656 1181 3733; x_wconf 72' lang='lat' dir='ltr'>‘gravissime</span> 
     </span>
     <span class='ocr_line' id='line_1_27' title="bbox 60 3744 1182 3821; baseline 0.002 -19"><span class='ocrx_word' id='word_1_205' title='bbox 60 3744 336 3804; x_wconf 86' lang='lat' dir='ltr'>aLachmanniana</span> <span class='ocrx_word' id='word_1_206' title='bbox 351 3747 484 3805; x_wconf 87' lang='lat' dir='ltr'>viderem</span> <span class='ocrx_word' id='word_1_207' title='bbox 503 3745 681 3821; x_wconf 89' lang='lat' dir='ltr'>discrepare,</span> <span class='ocrx_word' id='word_1_208' title='bbox 704 3746 874 3804; x_wconf 88' lang='lat' dir='ltr'>accuratius</span> <span class='ocrx_word' id='word_1_209' title='bbox 889 3745 1051 3820; x_wconf 88' lang='lat' dir='ltr'>utriusque</span> <span class='ocrx_word' id='word_1_210' title='bbox 1073 3745 1182 3804; x_wconf 89' lang='lat' dir='ltr'>funda·</span> 
     </span>
     <span class='ocr_line' id='line_1_28' title="bbox 59 3834 1181 3911; baseline 0.003 -20"><span class='ocrx_word' id='word_1_211' title='bbox 59 3837 164 3893; x_wconf 90' lang='lat' dir='ltr'>menta</span> <span class='ocrx_word' id='word_1_212' title='bbox 180 3835 349 3894; x_wconf 90' lang='lat' dir='ltr'>examinare</span> <span class='ocrx_word' id='word_1_213' title='bbox 365 3840 457 3911; x_wconf 93' lang='lat' dir='ltr'>atque</span> <span class='ocrx_word' id='word_1_214' title='bbox 473 3854 645 3911; x_wconf 88' lang='lat' dir='ltr'>comparare</span> <span class='ocrx_word' id='word_1_215' title='bbox 660 3835 813 3905; x_wconf 90' lang='lat' dir='ltr'>constitui,</span> <span class='ocrx_word' id='word_1_216' title='bbox 837 3835 874 3893; x_wconf 92' lang='lat' dir='ltr'>ut</span> <span class='ocrx_word' id='word_1_217' title='bbox 890 3835 988 3909; x_wconf 88' lang='lat' dir='ltr'>quoad</span> <span class='ocrx_word' id='word_1_218' title='bbox 1005 3834 1069 3892; x_wconf 89' lang='lat' dir='ltr'>eius</span> <span class='ocrx_word' id='word_1_219' title='bbox 1084 3835 1181 3895; x_wconf 89' lang='lat' dir='ltr'>facere</span> 
     </span>
     <span class='ocr_line' id='line_1_29' title="bbox 59 3923 1181 4001; baseline 0 -19"><span class='ocrx_word' id='word_1_220' title='bbox 59 3942 196 3999; x_wconf 90' lang='lat' dir='ltr'>possem,</span> <span class='ocrx_word' id='word_1_221' title='bbox 230 3925 319 3983; x_wconf 87' lang='lat' dir='ltr'>certis</span> <span class='ocrx_word' id='word_1_222' title='bbox 352 3924 538 4001; x_wconf 89' lang='lat' dir='ltr'>argumentis</span> <span class='ocrx_word' id='word_1_223' title='bbox 570 3925 778 3995; x_wconf 86' lang='lat' dir='ltr'>diiudicarem,</span> <span class='ocrx_word' id='word_1_224' title='bbox 802 3926 908 3982; x_wconf 91' lang='lat' dir='ltr'>utrum</span> <span class='ocrx_word' id='word_1_225' title='bbox 931 3926 1011 3982; x_wconf 90' lang='lat' dir='ltr'>recte</span> <span class='ocrx_word' id='word_1_226' title='bbox 1035 3923 1181 3982; x_wconf 86' lang='lat' dir='ltr'>Aemilius</span> 
     </span>
     <span class='ocr_line' id='line_1_30' title="bbox 15 4012 1181 4090; baseline 0.002 -20"><span class='ocrx_word' id='word_1_227' title='bbox 15 4020 22 4029; x_wconf 89' lang='lat'><em>&#39;</em></span> <span class='ocrx_word' id='word_1_228' title='bbox 60 4012 261 4072; x_wconf 90' lang='lat' dir='ltr'>Baehrensius</span> <span class='ocrx_word' id='word_1_229' title='bbox 292 4015 323 4071; x_wconf 92' lang='lat' dir='ltr'>in</span> <span class='ocrx_word' id='word_1_230' title='bbox 356 4014 484 4073; x_wconf 90' lang='lat' dir='ltr'>editione</span> <span class='ocrx_word' id='word_1_231' title='bbox 515 4032 570 4072; x_wconf 90' lang='lat' dir='ltr'>sua</span> <span class='ocrx_word' id='word_1_232' title='bbox 593 4014 759 4090; x_wconf 89' lang='lat' dir='ltr'>elegiarum</span> <span class='ocrx_word' id='word_1_233' title='bbox 781 4014 818 4072; x_wconf 88' lang='lat' dir='ltr'>de</span> <span class='ocrx_word' id='word_1_234' title='bbox 842 4012 975 4071; x_wconf 90' lang='lat' dir='ltr'>codicum</span> <span class='ocrx_word' id='word_1_235' title='bbox 1000 4013 1181 4072; x_wconf 91' lang='lat' dir='ltr'>auctoritate</span> 
     </span>
     <span class='ocr_line' id='line_1_31' title="bbox 60 4100 1181 4178; baseline 0 -18"><span class='ocrx_word' id='word_1_236' title='bbox 60 4103 229 4174; x_wconf 88' lang='lat' dir='ltr'>censuerit,</span> <span class='ocrx_word' id='word_1_237' title='bbox 262 4123 299 4161; x_wconf 91' lang='lat' dir='ltr'>an</span> <span class='ocrx_word' id='word_1_238' title='bbox 330 4104 417 4163; x_wconf 87' lang='lat' dir='ltr'>hodie</span> <span class='ocrx_word' id='word_1_239' title='bbox 441 4122 561 4178; x_wconf 89' lang='lat' dir='ltr'>quoque</span> <span class='ocrx_word' id='word_1_240' title='bbox 592 4103 622 4160; x_wconf 91' lang='lat' dir='ltr'>in</span> <span class='ocrx_word' id='word_1_241' title='bbox 647 4103 828 4162; x_wconf 91' lang='lat' dir='ltr'>carminibus</span> <span class='ocrx_word' id='word_1_242' title='bbox 851 4100 964 4160; x_wconf 92' lang='lat' dir='ltr'>Tibulli</span> <span class='ocrx_word' id='word_1_243' title='bbox 987 4103 1181 4161; x_wconf 88' lang='lat' dir='ltr'>restituendis</span> 
     </span>
     <span class='ocr_line' id='line_1_32' title="bbox 60 4190 1179 4268; baseline -0.002 -18"><span class='ocrx_word' id='word_1_244' title='bbox 60 4190 163 4250; x_wconf 83' lang='lat' dir='ltr'>Caroli</span> <span class='ocrx_word' id='word_1_245' title='bbox 194 4191 378 4252; x_wconf 89' lang='lat' dir='ltr'>Lachmanni</span> <span class='ocrx_word' id='word_1_246' title='bbox 413 4193 614 4253; x_wconf 89' lang='lat' dir='ltr'>instrumento</span> <span class='ocrx_word' id='word_1_247' title='bbox 647 4192 750 4251; x_wconf 88' lang='lat' dir='ltr'>critico</span> <span class='ocrx_word' id='word_1_248' title='bbox 785 4191 842 4249; x_wconf 92' lang='lat' dir='ltr'>niti</span> <span class='ocrx_word' id='word_1_249' title='bbox 875 4191 1053 4264; x_wconf 87' lang='lat' dir='ltr'>debeamus,</span> <span class='ocrx_word' id='word_1_250' title='bbox 1089 4212 1179 4268; x_wconf 90' lang='lat' dir='ltr'>quam</span> 
     </span>
    </p>
   </div>
   <div class='ocr_carea' id='block_1_2' title="bbox 1007 4297 1019 4349">
    <p class='ocr_par' dir='ltr' id='par_1_4' title="bbox 1007 4297 1019 4349">
     <span class='ocr_line' id='line_1_33' title="bbox 1007 4297 1019 4349; baseline 0 0"><span class='ocrx_word' id='word_1_251' title='bbox 1007 4297 1019 4349; x_wconf 92' lang='lat'>1</span> 
     </span>
    </p>
   </div>
   <div class='ocr_carea' id='block_1_3' title="bbox 0 0 1478 5026">
    <p class='ocr_par' dir='ltr' id='par_1_5' title="bbox 0 0 1478 5026">
     <span class='ocr_line' id='line_1_34' title="bbox 0 0 1478 5026; baseline 0 1"><span class='ocrx_word' id='word_1_252' title='bbox 0 0 1478 5026; x_wconf 95' lang='lat' dir='ltr'> </span> 
     </span>
    </p>
   </div>
  </div>
 </body>
</html>
