2946 5026
506 473 727 532 ..57-

56 647 111 715 est,
136 645 211 704 duas
235 663 288 704 nos
311 645 420 705 habere
443 645 606 706 sententias
629 645 760 721 turpiter
783 645 943 716 conflatas,
969 644 1073 720 quales
1097 643 1122 702 si
1145 643 1176 701 in

55 735 140 794 libris
163 735 281 811 scriptis
306 738 403 794 essent
426 735 565 804 traditae,
591 735 729 794 omnibus
745 734 890 797 machinis
913 733 1015 810 potius
1037 732 1176 791 dirimere

56 825 224 899 oportebat.

147 929 229 999 Quae
251 949 298 989 res
322 930 537 990 Baehrensium
560 930 677 1000 fefellit,
701 949 759 988 non
782 929 890 989 fefellit
910 930 1097 1005 Richterum,
1123 929 1176 1005 qui

56 1020 104 1078 vir
119 1020 224 1078 doctus
249 1019 496 1094 interpretatione
520 1022 574 1079 hoc
591 1020 803 1078 emendationis
827 1038 899 1078 suae
922 1019 1032 1078 vitium
1056 1019 1177 1078 studuit

57 1126 203 1170 amovere.
241 1108 387 1182 „Inertia,*
407 1109 517 1185 inquit,
542 1127 657 1184 semper
681 1109 793 1184 aliquid
817 1109 1052 1184 reprehensionis
1074 1109 1175 1179 habet,

55 1201 93 1256 ut
117 1198 143 1255 ei
167 1197 316 1259 obiciatur
348 1198 400 1273 qui
432 1199 522 1257 alicui
553 1198 673 1275 negotio
706 1199 891 1273 exsequendo
924 1198 1021 1274 impar
1045 1216 1107 1257 esse
1131 1197 1175 1256 vi-

55 1287 146 1346 detur
170 1287 342 1365 (untahig);
368 1287 420 1348 cfr.
445 1287 523 1346 infra
546 1307 575 1346 v.
602 1292 657 1350 58:
682 1288 781 1364 segnis
804 1287 943 1363 inersque
959 1307 1056 1358 vocer,
1074 1307 1103 1346 v.
1119 1292 1174 1350 71:

55 1376 134 1435 iners
160 1379 250 1435 aetas.
297 1375 406 1451 Itaque
428 1376 507 1435 iners
531 1376 595 1434 vita
618 1377 673 1436 hoc
696 1377 761 1436 loco
786 1377 848 1436 eius
873 1379 918 1436 est
941 1378 994 1453 qui
1017 1378 1097 1453 quod
1120 1375 1176 1434 mi-

56 1465 154 1523 litiam
179 1467 327 1525 detrectat
351 1469 381 1524 et
404 1466 525 1525 divitias
538 1465 616 1524 bello
632 1469 787 1543 congestas
803 1466 939 1541 despicit,
963 1466 1082 1525 nullum
1098 1466 1176 1525 inter

56 1555 135 1614 cives
159 1555 275 1614 obtinet
287 1575 446 1613 numerum
472 1555 532 1631 (ein
555 1554 674 1614 thaten·
698 1555 760 1613 und
776 1555 942 1615 ruhmloses
958 1555 1065 1632 leben).
1100 1553 1175 1613 Con-

56 1644 211 1703 iunctivus
244 1647 346 1703 autem
370 1644 534 1718 (traducat)
566 1662 624 1702 non
653 1644 802 1719 optantiS,
834 1645 884 1703 sed
915 1644 1100 1704 concedentis
1132 1648 1177 1703 est

56 1736 201 1809 totusque
231 1733 314 1793 locus
346 1734 389 1792 ita
421 1733 574 1809 explanari
604 1734 711 1793 debet:
750 1733 853 1792 Patiar
884 1754 930 1793 me
965 1736 1087 1809 propter
1119 1733 1176 1790 mi-

56 1823 141 1882 litiae
157 1823 401 1882 detrectationem
419 1826 449 1882 et
463 1825 674 1899 paupertatem
694 1841 790 1881 meam
813 1822 875 1881 sine
898 1842 1000 1882 rerum
1024 1825 1176 1900 gestarum

57 1913 163 1985 laude,
193 1912 256 1971 sine
283 1912 394 1971 bonore
423 1915 452 1970 et
475 1912 623 1989 dignitate
647 1912 741 1971 vitam
768 1912 889 1989 degere,
919 1913 1079 1971 dummodo
1104 1932 1128 1972 e.
1147 1931 1175 1985 q.

55 2004 120 2076 sq.“
160 1999 215 2063 Sic·
239 2004 318 2061 certe
351 2001 482 2076 optimus
514 2001 614 2060 evadit
657 2019 778 2060 sensus:
821 2000 924 2060 Vitam
953 2000 1113 2078 ingloriam
1146 2002 1176 2058 et

57 2092 217 2149 obscuram
239 2091 345 2168 degam
368 2110 491 2167 pauper,
516 2090 676 2149 dummodo
707 2089 779 2149 belli
802 2089 954 2149 laboribus
978 2108 1091 2149 vacuus
1115 2107 1177 2148 esse

57 2180 178 2255 possim.
220 2180 262 2238 At
277 2179 411 2255 profecto
427 2181 576 2239 derorum
593 2183 746 2257 gestarum
770 2179 868 2251 laude,
893 2178 930 2237 de
952 2180 1063 2238 honore
1079 2178 1176 2255 digni-

57 2272 183 2345 tateque
206 2270 285 2330 bello
309 2271 396 2345 parta
426 2269 502 2327 nihil
526 2269 646 2327 omnino
669 2271 758 2344 poeta
790 2267 981 2345 significavit.
1029 2266 1177 2336 Quidnam

57 2358 141 2418 aliud
165 2359 229 2418 vita
251 2358 303 2416 illa
325 2359 404 2417 iners
429 2360 527 2434 potest
550 2358 686 2435 intellegi
709 2357 767 2416 nisi
798 2358 853 2416 hoc
880 2357 965 2431 „viae
988 2358 1095 2434 longae
1119 2375 1177 2415 non

56 2467 173 2523 semper
196 2448 333 2507 deditum
357 2466 428 2518 esse,
454 2448 503 2507 sed
528 2450 583 2507 sub
608 2447 722 2508 arboris
745 2447 853 2506 umbra
878 2445 1037 2507 Caniculae
1061 2448 1178 2506 aestum

56 2537 187 2608 vitare“‚
212 2537 388 2613 praesertim
411 2556 479 2596 curn
503 2555 607 2596 versus
630 2537 662 2594 hi
685 2536 880 2612 praecedant:

270 2653 401 2712 Divitias
424 2653 500 2712 alius
524 2653 608 2712 fulvo
631 2653 689 2712 sibi
711 2656 853 2731 congerat
876 2672 949 2713 auro

324 2742 364 2801 Et
387 2745 488 2802 teneat
511 2742 587 2801 culti
610 2743 714 2819 iugera
736 2742 834 2801 multa
857 2742 921 2815 soli,

273 2830 367 2900 Quem
390 2831 474 2891 labor
498 2831 641 2890 adsiduus
665 2831 762 2891 vicino
786 2833 899 2891 terreat
922 2831 1016 2901 hoste,

325 2921 436 2980 Martia
460 2922 509 2980 cui
532 2939 648 2979 somnos
672 2921 793 2981 classica
817 2922 903 2996 pulsa
926 2921 1043 2998 fugent,
1160 2924 1164 2930 '

58 3037 169 3112 quibus
193 3036 329 3096 versibus
354 3037 465 3113 optime
490 3039 690 3112 accurateque
713 3040 873 3114 respondet
905 3055 1009 3097 versus
1034 3034 1176 3112 quintus3

57 3147 127 3185 nam
157 3126 287 3203 priorem
318 3127 409 3184 huius
440 3129 556 3202 partem
584 3147 660 3202 quae
694 3129 756 3186 est:
791 3128 858 3201 „Me
889 3146 954 3185 mea
983 3127 1176 3202 paupertas“‚

57 3216 153 3291 primo
178 3216 291 3293 elegiae
314 3215 450 3286 distich0,
475 3215 669 3291 posteriorem
687 3216 770 3275 illa-m
796 3217 879 3289 „vita
902 3216 1042 3275 traducat
1065 3215 1174 3279 inerti“

58 3305 186 3363 secundo
220 3304 387 3380 oppositam
421 3324 483 3364 esse
515 3309 658 3381 apparet,
688 3305 803 3364 divitiis
827 3326 952 3381 parvam
974 3307 1080 3381 poetae
1103 3323 1176 3377 rem,

57 3393 130 3454 belli
160 3393 314 3453 laboribus
343 3395 475 3454 adsiduis
507 3395 602 3454 vitam
632 3395 767 3453 inertem.
816 3393 881 3464 Qua
912 3396 948 3454 de
979 3412 1069 3453 causa
1091 3412 1177 3452 nemo

58 3483 112 3558 qui
134 3483 210 3542 hanc
234 3483 361 3560 elegiam
384 3484 501 3561 integro
525 3485 679 3560 liberoque
703 3484 801 3543 animo
825 3484 914 3562 leget,
938 3484 1065 3544 inertem
1087 3483 1177 3542 istam

10 3578 14 3584 “
58 3572 154 3630 vitam
169 3571 328 3649 ingloriam
344 3575 437 3647 atque
453 3573 609 3632 obscuram
629 3574 821 3650 interpretari
838 3574 959 3649 poterit,
985 3573 1035 3633 sed
1052 3572 1177 3632 otiosam

59 3664 179 3720 tantum
202 3661 335 3737 bellique
359 3661 539 3722 intineribus
563 3663 659 3736 longis
683 3683 819 3722 vacuam.

147 3768 190 3826 At
213 3769 323 3827 dixerit
358 3768 425 3844 quis
456 3787 560 3828 vocem
591 3789 667 3844 quae
695 3772 740 3829 est
766 3769 914 3844 „possim“
948 3769 1076 3828 maxime
1110 3789 1176 3844 pre·

60 3859 195 3917 mendam
221 3859 310 3917 etde
334 3858 478 3918 Messalae
501 3859 695 3919 contubernio
720 3877 781 3918 esse
805 3856 1007 3935 cogitandum.
1043 3857 1100 3918 Sed
1122 3859 1177 3918 hoc

60 3947 83 4005 si
107 3946 270 4026 significari
293 3947 438 4007 voluisset
470 3951 567 4024 poeta,
593 3968 651 4008 non
678 3948 857 4022 „dummodo
880 3946 1023 4023 possim“,
1056 3948 1106 4005 sed
1133 3947 1177 4020 ,si

60 4037 165 4095 modo“
191 4038 319 4098 scribere
342 4056 459 4096 necesse
482 4037 558 4109 fuit,
589 4057 686 4112 neque
716 4057 769 4113 per
800 4057 829 4096 v.
857 4041 896 4101 53
921 4055 986 4113 sqq.
1020 4035 1062 4095 sic
1085 4036 1176 4094 inter·

61 4127 171 4200 pretari
195 4127 275 4191 licet.
323 4127 492 4187 Reioiamus
525 4127 620 4204 igitur
641 4126 815 4185 Baehrensii
838 4125 1034 4201 Richterique
1062 4124 1175 4184 coniec-

61 4217 159 4274 turam
181 4218 288 4292 utpote
312 4236 389 4292 quae
412 4215 534 4275 minime
557 4216 594 4273 ad
617 4215 691 4274 hane
714 4215 894 4274 sententiam
917 4215 957 4274 sit
980 4218 1061 4290 apta.

148 4304 324 4365 Emendatio
349 4325 418 4367 vero
447 4325 481 4364 oa
505 4325 596 4385 quam
627 4304 778 4367 Lucienus
801 4305 928 4367 Mueller
951 4303 1056 4368 Haasii
1078 4302 1176 4362 trans·
