2946 5026
630 373 847 432 -44-

178 546 307 605 vetustis
331 546 481 606 codicibus
516 550 545 606 et
568 545 711 604 videntur
734 546 769 606 de
792 546 934 606 inferiore
962 546 1180 624 epigrammate
1204 546 1304 606 incul-

178 635 237 694 oati
268 634 361 694 fuisse
391 635 423 692 in
455 635 547 694 huius
577 635 689 712 elegiae
720 634 809 694 finem
838 656 891 712 per
921 655 1049 695 errorem
1074 636 1302 696 librariorum“.

177 724 315 800 Utraque
346 725 422 783 enim
454 725 606 784 adnotatio
640 725 769 800 quadrat
800 726 831 782 in
861 725 991 785 codicem
1015 724 1302 802 Guelferbytanum,

178 813 231 889 qui
265 814 364 889 priore
399 815 463 874 loco
499 814 560 873 litt.
594 814 716 873 maiusc.
752 817 836 874 rubr.
872 814 1008 874 exhibet:
1048 813 1152 888 „Albii
1187 814 1304 874 Tibulli

177 906 282 978 poetae
304 903 434 962 illustris
457 904 493 962 de
518 902 669 963 amoribus
692 904 818 962 nemesis
840 903 917 963 liber
939 903 1002 974 II“,
1026 907 1094 979 post
1117 903 1175 977 ΠΙ,
1202 909 1233 975 6,
1262 909 1303 967 64

178 995 279 1051 autem
302 993 404 1051 statim
428 992 556 1051 subicit:
593 992 694 1065 „Albii
726 993 782 1054 tib.
807 993 843 1052 de
873 993 1016 1052 laudibus
1039 994 1183 1053 messalae
1207 1014 1303 1069 pana·

177 1081 328 1158 giricus“;
353 1085 456 1140 contra
479 1082 571 1141 ceteri
604 1081 674 1140 libri
710 1100 809 1141 omnes
845 1082 970 1159 elegiam
1005 1082 1089 1140 illam
1121 1081 1217 1158 ,Quis
1242 1083 1302 1141 fuit

177 1172 252 1233 etc.“
286 1173 368 1230 recte
399 1171 496 1246 primo
529 1171 606 1230 libro
636 1171 796 1245 tribuunt,
829 1191 898 1230 cum
930 1171 1060 1231 carmine
1093 1191 1163 1231 vero
1195 1171 1256 1255 ΙΙΙ,
1282 1177 1300 1235 6

177 1260 361 1337 epigramma
384 1260 439 1331 IV,
467 1265 505 1324 12
531 1260 729 1338 coniungunt.

264 1348 366 1407 Prima
398 1352 500 1408 autem
533 1349 640 1409 codicis
671 1347 902 1424 Guelferbytani
933 1367 1040 1408 manus
1075 1353 1188 1425 quanto
1221 1349 1301 1408 inter

176 1440 343 1496 ceterorum
380 1439 515 1499 codicum
553 1438 755 1499 recentiorum
791 1458 913 1516 gregem
953 1439 1078 1499 excellat
1109 1438 1298 1516 integritate,

175 1545 267 1602 supra
290 1526 366 1603 (cap.
391 1527 433 1598 ΙΙ,
459 1532 475 1602 5
504 1535 517 1590 1
545 1530 575 1587 et
600 1530 631 1601 2)
663 1527 836 1600 docuimus,
865 1527 920 1586 ubi
953 1548 1017 1586 eam
1040 1547 1140 1603 neque
1163 1529 1230 1586 ulla
1254 1529 1298 1585 la·

96 1682 97 1686 ,
175 1635 322 1675 cunarum
352 1617 560 1692 supplementa
591 1616 786 1692 suppositicia
817 1619 978 1692 praebere,
1010 1620 1039 1676 et
1062 1617 1202 1692 plu‘rimis
1226 1617 1298 1676 locis

174 1707 267 1764 bonas
299 1707 362 1764 sive
391 1707 499 1777 codicis
532 1706 721 1765 Ambrosiam
752 1707 814 1765 sive
848 1705 987 1764 Vaticani
1019 1707 1161 1765 lectiones
1193 1709 1298 1765 contra

174 1794 299 1852 alterius
322 1795 397 1854 vitia
420 1795 576 1854 defendere
596 1795 876 1854 demonstravimus
916 1794 1043 1853 Etiamsi
1057 1796 1155 1872 igitur
1171 1795 1296 1854 alterius

174 1883 303 1942 familiae
319 1885 474 1962 progenies
490 1904 549 1943 non
573 1888 659 1957 esset,
683 1888 783 1943 tamen
807 1885 838 1941 in
862 1884 1045 1944 carminibus
1068 1884 1183 1944 Tibulli
1207 1885 1295 1944 resti-

174 1973 293 2031 tuendis
328 1974 456 2033 codicem
488 1974 568 2032 hunc
599 1976 758 2049 oportebat
789 1973 940 2032 adhibere.
987 1972 1044 2032 Sed
1075 1994 1155 2034 nunc
1178 1976 1296 2032 tantam

174 2061 357 2136 optimarum
388 2063 551 2122 lectionum
585 2062 813 2122 multitudinem
850 2063 957 2133 tradit,
997 2082 1074 2137 quae
1111 2063 1144 2121 in
1181 2062 1297 2122 familia

175 2151 310 2210 codicum
343 2151 371 2209 A
402 2156 432 2210 et
455 2152 483 2208 V
513 2144 665 2228 nusquam
695 2152 893 2211 inveniuntur
926 2154 955 2210 et
983 2171 1059 2227 quas
1092 2171 1192 2211 omnes
1225 2171 1296 2219 con-

173 2240 288 2298 iectura
319 2241 506 2318 grammatici
536 2242 692 2301 cuiusdam
725 2242 773 2301 vel
805 2241 969 2300 doctissimi
1001 2245 1030 2300 et
1066 2242 1139 2302 artis
1172 2242 1295 2302 criticae

173 2329 346 2404 peritissimi
369 2333 450 2389 ortas
474 2349 535 2389 esse
558 2331 609 2390 vix
632 2331 773 2391 credibile
789 2333 842 2390 est.
881 2330 1050 2390 Perlustres
1066 2332 1153 2391 modo
1175 2351 1296 2392 mecum

172 2438 283 2494 paucas
307 2421 359 2479 has
383 2440 418 2479 ex
440 2421 526 2478 tanto
548 2440 673 2479 numero
697 2421 818 2479 selectas
842 2419 1024 2494 scripturas:

209 2507 233 2581 Ι,
264 2514 290 2578 l,
328 2514 365 2572 2:
389 2509 488 2567 multa
512 2509 577 2566 Par.
603 2509 679 2568 Fris.
705 2508 731 2568 G
759 2544 794 2552 —
821 2528 940 2585 magna,
964 2512 1020 2568 cet.

144 2588 148 2598 ¹
265 2603 292 2669 l,
330 2603 366 2662 5:
391 2598 456 2657 vita
480 2598 546 2656 Par.
570 2598 646 2661 Fris.
672 2598 699 2658 G
724 2634 764 2643 —
789 2597 880 2668 vitae,
905 2601 961 2656 cet.

263 2692 291 2760 l,
306 2692 364 2751 29:
389 2687 541 2747 bidentem
563 2687 631 2751 Par.
657 2687 683 2747 G
711 2723 747 2732 -
771 2687 917 2757 bidentes,
943 2690 999 2746 cet.

264 2781 292 2846 1,
306 2782 365 2839 41:
390 2775 547 2836 fructusve
570 2777 638 2839 Par.
664 2776 690 2836 G
716 2811 754 2820 —
779 2777 967 2852 fructusque,
992 2779 1047 2836 cet.

146 2930 149 2936 ,
264 2870 291 2935 1,
306 2870 364 2929 48:
389 2865 484 2924 imbre
507 2865 575 2924 Par.
601 2865 627 2925 G
653 2866 796 2942 -igne,
821 2869 877 2924 cet.

153 2992 157 2998 ·
264 2959 291 3025 1,
306 2959 365 3018 78:
390 2954 559 3030 Despiciam
588 2956 665 3014 dites
699 2955 768 3013 Par.
794 2952 819 3011 G
851 2990 883 2996 -
909 2954 994 3012 Dites
1023 2954 1198 3030 despiciam,
1234 2958 1292 3014 cet.

442 3042 556 3124 (confer
579 3045 603 3114 Ι,
630 3050 659 3114 4,
693 3049 752 3108 82;
788 3043 939 3122 Deficiunt
971 3047 1050 3102 artes
1088 3043 1293 3120 deficiuntque

486 3134 556 3192 doli.
580 3134 622 3205 ΙΙ,
649 3139 677 3208 5,
706 3138 786 3197 100¹:
817 3131 987 3207 cespitibus
1019 3151 1133 3192 mensas
1170 3134 1293 3209 cespiti·

485 3224 603 3299 busque
625 3225 750 3298 torum.)
874 3256 877 3261 -

184 3320 186 3327 '
261 3315 290 3383 2,
328 3317 363 3376 6:
388 3311 467 3370 fulta
491 3311 517 3371 G
542 3347 581 3357 -
605 3312 700 3386 firma,
726 3314 781 3371 cet.

260 3404 290 3470 2,
305 3405 344 3465 76
370 3402 456 3477 (74):
481 3401 512 3459 in
536 3401 562 3461 G
590 3437 623 3444 -
653 3405 692 3475 et,
716 3403 773 3460 oet.

260 3493 289 3562 5,
327 3497 362 3554 7:
387 3492 493 3565 perte
517 3490 543 3550 G
573 3528 602 3535 -
632 3511 730 3566 parce,
754 3492 809 3549 oet.

260 3584 289 3652 5,
305 3585 363 3643 74:
388 3598 484 3655 usque
508 3579 534 3639 G
562 3612 598 3623 ·-
623 3581 697 3656 ipse,
723 3583 779 3639 cet.

184 3662 186 3664 ’
262 3673 290 3741 7,
327 3675 364 3734 3:
388 3667 526 3747 frangere
550 3669 576 3728 G
603 3706 639 3713 -
666 3670 800 3742 fundere,
826 3671 882 3727 cet.

261 3763 290 3830 7,
305 3764 363 3822 54:
388 3757 479 3817 libem
497 3759 636 3818 ..mella
658 3757 778 3818 favoG
807 3789 841 3798 -—
868 3757 930 3821 liba
949 3759 1085 3818 ..mella
1100 3762 1206 3835 feram,
1232 3769 1287 3825 cet.

259 3851 288 3917 8,
304 3853 364 3912 51:
389 3848 503 3907 sontica
526 3848 601 3907 Fris.
627 3848 653 3906 G
679 3884 718 3892 -
743 3848 853 3908 sentita
874 3850 911 3923 Y,
937 3851 1049 3909 sontica
1073 3849 1104 3908 G.

260 3940 363 4006 9,3l:
388 3937 471 3995 nullo
495 3940 526 3996 te
550 3937 576 3996 G
604 3973 638 3981 -
666 3938 749 3997 nullo
773 3937 840 4008 tibi,
865 3942 921 3999 cet.

260 4029 288 4096 9,
304 4031 362 4090 53:
386 4026 470 4085 donis
493 4046 623 4102 puerum
646 4026 672 4086 G
698 4063 737 4070 -
762 4047 890 4102 puerum
913 4029 1008 4109 donis,
1032 4033 1089 4089 cet.

188 4115 229 4185 II,
258 4121 285 4186 1,
303 4121 340 4180 17
354 4134 360 4171 :
385 4115 424 4173 Di
447 4114 473 4175 G
499 4151 538 4159 —
563 4117 623 4188 Dii,
648 4120 704 4180 eet.
730 4116 844 4193 (confer
866 4117 924 4190 III,
950 4124 980 4192 4,
1009 4119 1050 4196 l.)

261 4209 288 4278 1,
303 4209 362 4268 89;
386 4204 483 4263 furvis
501 4204 536 4277 G,
554 4207 603 4265 cui
618 4206 739 4266 lectioni
754 4205 962 4270 Lachmannus
978 4208 1109 4269 eddidit:
1130 4208 1286 4282 „Guelfore
