2946 5026
516 411 737 472 ..29-

64 583 139 643 BC:
156 585 254 655 iuvat,
270 581 355 643 AA¹:
369 584 462 644 iuvet.
487 584 528 656 Π,
540 590 570 655 4,
585 588 645 648 43:
671 583 699 640 V
710 584 745 655 G,
765 582 930 655 O:'veniat,
943 580 1067 643 ABA¹:
1085 583 1185 644 veniet
1296 662 1298 667 Α

65 677 171 749 (prave
186 676 377 749 correctum.)
386 676 410 749 ¹)
433 673 474 745 II,
491 679 520 741 5,
532 679 592 738 40:
618 673 647 730 A
657 671 692 747 G,
705 673 857 734 Lachm.
869 694 876 732 :
889 673 1003 744 Troica,
1017 672 1060 731 V:
1074 673 1183 749 Troya.

64 761 105 834 II,
124 768 154 836 5,
172 769 231 828 72:
257 762 333 833 AG,
358 760 393 821 A¹
406 762 464 822 Bd:
489 762 709 839 deplueritque‚
733 762 828 822 Vce:
853 761 1072 839 depuleritquc.
1096 762 1138 833 ΙΙ,
1154 767 1182 832 5,

65 857 122 916 95:
153 852 198 911 A:
237 856 358 940 operta,
396 848 501 912 GA¹O
532 855 629 911 recte:
663 853 803 927 operata:
840 849 979 911 VA'B:
1016 855 1047 912 et
1069 854 1183 928 operta,

63 941 211 1001 vocabulo
237 943 319 1017 „et“,
343 944 380 1000 ut
402 960 506 1001 versus
530 942 710 1017 expleretur,
734 941 810 999 falso
835 941 944 1000 addito.
990 940 1182 1014 11,5‚112:

63 1029 139 1101 VG,
165 1028 204 1089 0:
230 1031 373 1106 reperisse
397 1029 439 1109 (in
456 1030 484 1087 V
499 1030 656 1107 primitus:
681 1030 869 1106 repperisse),
894 1027 1018 1089 AA¹B:
1042 1030 1190 1106 reperire:

63 1118 121 1190 III,
147 1124 177 1192 6,
204 1126 263 1183 14:
298 1116 475 1193 AG,BA¹:
509 1120 664 1191 contudit,
698 1117 777 1178 VC:
803 1120 941 1179 contulit.
987 1119 1042 1191 IV,
1070 1126 1097 1193 l,
1126 1124 1182 1184 18:

63 1208 184 1267 VBde:
217 1209 298 1268 dicat
321 1228 413 1284 opus,
448 1208 490 1268 G:
522 1227 598 1285 opus
621 1209 719 1278 dicat,
754 1205 905 1268 Areu:
939 1209 1033 1269 dictat
1065 1210 1183 1284 opus.¹)

62 1297 118 1368 lv,
148 1304 175 1366 1,
200 1303 261 1362 91:
285 1297 362 1367 AG,
387 1298 541 1359 Lachm.
566 1298 738 1371 celeremue,
764 1297 808 1354 V:
834 1298 1027 1375 celeremque.
1073 1297 1127 1368 IV,
1157 1303 1183 1368 1,

66 1391 148 1450 170:
173 1386 201 1443 V
214 1386 250 1457 G,
274 1387 327 1447 de:
353 1387 440 1458 Hinc,
465 1389 511 1446 A:
536 1387 624 1457 Huic,
648 1383 752 1446 A¹Bc:
778 1386 846 1451 Hic.
884 1386 938 1462 IV,
965 1392 995 1457 4,
1024 1392 1081 1451 17:
1107 1385 1182 1456 VG,

62 1475 194 1535 Lach.:
230 1478 271 1535 At
303 1496 392 1551 nunc,
426 1476 472 1535 A:
504 1476 549 1536 Ac
572 1496 661 1536 nunc.
708 1476 761 1547 IV,
790 1481 840 1551 11,
866 1480 902 1540 6:
937 1475 1014 1550 Aa,
1050 1475 1182 1536 Lach.:

61 1565 134 1633 leto,
159 1564 205 1623 V:
230 1567 317 1640 lecto,
342 1566 491 1625 Ft=lent0
517 1566 634 1644 (recte).
681 1565 734 1637 IV,
764 1571 812 1637 13,
842 1570 896 1629 15:
922 1564 1006 1624 VG:
1031 1565 1182 1638 Reatini,

62 1653 129 1711 AB
143 1653 182 1713 O:
208 1654 273 1715 Hoc
296 1656 363 1726 tibi,
388 1652 439 1714 A¹:
465 1654 535 1714 *Nec
565 1655 623 1714 tibi
647 1654 770 1730 (Veram
793 1655 951 1714 lectionem
977 1654 1097 1729 „Haec“
1123 1655 1184 1712 iam

62 1742 196 1820 Scaliger
219 1744 365 1824 dederat.)
411 1743 464 1816 IV,
502 1750 528 1818 1,
568 1749 644 1808 189:
680 1743 757 1818 AG,
782 1743 871 1803 Bde:
908 1744 1030 1815 accitus,
1064 1740 1182 1803 VA¹c:

63 1833 184 1903 accitos,
208 1833 232 1891 F
255 1836 353 1894 recte:
386 1837 455 1892 ante
479 1837 569 1893 actos.
616 1833 750 1910 Longius
773 1834 852 1892 inter
875 1852 906 1893 se
928 1833 1111 1892 dissentiunt
1134 1851 1183 1892 co-

10 1958 13 1971 ·
60 1922 142 1981 dices
164 1924 191 1981 A
216 1926 247 1982 et
270 1924 297 1979 V
320 1923 351 1981 in
375 1923 511 1982 versibus
535 1923 599 1981 his:
636 1922 660 1995 Ι,
687 1929 716 1995 5,
742 1927 802 1985 27:
839 1922 876 1992 A,
912 1922 1021 1983 Lach.:
1057 1923 1182 1994 vitibus,

61 2010 146 2070 VG:
182 2011 373 2093 fructibus³).
420 2012 445 2083 I,
474 2017 523 2086 10,
550 2016 608 2076 27:
643 2010 719 2084 Aa,
755 2011 926 2070 Lachm.:
960 2013 1099 2085 canistra,
1134 2010 1181 2070 V:

61 2100 194 2160 sinistro.
240 2100 281 2175 II,
312 2108 337 2175 l,
364 2107 422 2165 25:
453 2099 528 2172 AG,
553 2100 722 2160 Lachmz
755 2100 903 2171 felicibus
934 2100 980 2159 V:
1013 2101 1183 2169 celestibus,

60 2189 175 2265 quibus
204 2190 276 2250 locis
307 2191 436 2250 codicem
459 2190 639 2250 Vaticanum
670 2190 888 2266 interpolatum
919 2208 981 2250 esse
1013 2189 1182 2267 apparet4).

60 2278 191 2338 Versum
224 2279 266 2353 II,
296 2286 321 2354 1,
348 2286 387 2345 67
420 2280 511 2340 codex
534 2280 563 2337 A
597 2298 658 2338 una
691 2299 759 2339 cum
782 2278 1030 2339 Lachmannianis
1060 2281 1184 2355 praebet

60 2369 174 2427 talem:
230 2412 237 2419 .

172 2457 240 2533 Ipso
263 2477 384 2533 quoque
406 2457 484 2516 inter
509 2476 597 2535 agros
619 2458 758 2533 interque
782 2461 918 2520 armenta
942 2456 1067 2533 Cupido,

59 2548 152 2606 codex
176 2546 358 2607 Vaticanus:
393 2547 462 2623 Ipse
493 2566 614 2623 quoque
645 2547 724 2606 inter
755 2566 860 2624 greges
892 2547 1031 2622 interque
1060 2550 1127 2615 etc,
1152 2546 1182 2607 id

59 2636 143 2712 quod
174 2656 245 2695 vera
277 2636 385 2698 codicis
416 2637 480 2695 eius
512 2656 546 2696 ex
570 2656 630 2712 quo
654 2639 782 2711 uterque
806 2637 974 2712 descriptus
998 2638 1060 2706 est,
1093 2636 1182 2696 lectio

58 2726 154 2785 fuisse
177 2726 307 2786 videtur.
355 2725 429 2785 Orto
460 2729 505 2786 est
536 2726 631 2797 enim,
665 2728 701 2784 ut
732 2725 854 2801 opinor,
887 2725 964 2784 mira
995 2726 1047 2784 illa
1077 2743 1182 2785 versus

152 2956 177 3022 l)
197 2957 234 3011 M.
254 2955 447 3011 Rothsteinius
466 2973 513 3025 pg.
533 2955 564 3008 11
586 2957 710 3012 codicum
732 2955 823 3011 ABA¹
844 2957 993 3012 lectionem
1010 2973 1074 3020 ,seu
1088 2955 1183 3010 veniet

57 3027 113 3082 tibi
132 3027 220 3081 mors⁸
247 3028 459 3097 praeferendam
487 3044 545 3082 esse
574 3032 681 3094 censet,
706 3030 780 3097 quod
804 3028 982 3083 coniunctivo
1007 3026 1078 3080 nihil
1104 3027 1182 3080 aliud

57 3099 149 3168 possit
167 3099 320 3168 significari
338 3100 392 3152 nisi
412 3099 527 3152 dubium
546 3117 614 3164 esse,
633 3119 699 3154 num
719 3100 846 3154 Nemesis
864 3100 1000 3153 moritura
1019 3098 1063 3151 111.
1097 3099 1134 3152 At
1146 3115 1181 3152 uc

57 3171 214 3225 indicativo
224 3171 337 3238 quidem
351 3171 408 3224 alia
417 3171 459 3224 vis
479 3171 569 3224 inesse
587 3175 689 3240 potest,
709 3172 776 3240 quia
794 3189 933 3240 nusquam
946 3170 1074 3224 Tibullus
1094 3170 1181 3239 parti·

57 3242 137 3296 culas
165 3241 218 3307 ,si“
240 3246 269 3299 et
291 3241 382 3306 ,cum“
411 3245 596 3296 commutasse
614 3243 740 3307 videtur:
766 3247 969 3310 utrumcunque
987 3241 1076 3310 igitur
1094 3241 1181 3309 scrip·

57 3317 153 3367 turam
172 3314 410 3384 assumpserimus,
429 3331 485 3367 non
506 3331 584 3378 ,cum
598 3314 750 3379 morieris“,
770 3315 818 3369 sed
840 3315 878 3379 ,si
895 3315 967 3367 forte
980 3312 1067 3376 brevi,
1087 3316 1181 3367 aetate

57 3385 159 3440 florens
179 3384 311 3439 decedas“
333 3385 387 3438 erit
405 3385 655 3454 interpretandum.

149 3488 177 3557 2)
197 3491 257 3546 Η11
276 3492 336 3546 1010
355 3490 453 3545 dubito
473 3510 509 3545 an
528 3491 630 3546 codicis
649 3492 795 3562 archetypi
821 3492 959 3561 scriptura
982 3491 1012 3544 in
1031 3491 1055 3543 A
1074 3489 1181 3544 tradita

57 3564 104 3629 sit,
123 3563 154 3617 111
173 3563 232 3617 VG
251 3567 345 3617 autem
364 3566 439 3617 recte
458 3563 614 3617 emendata.
1146 3566 1148 3570 ‘

148 3659 176 3727 3)
195 3661 254 3714 Hoc
273 3660 333 3714 loco
352 3660 382 3714 in
391 3660 553 3714 Baehrensii
568 3660 750 3714 adnotatione
765 3660 863 3714 critica
882 3663 1003 3714 erratum
1018 3676 1077 3714 esse
1092 3659 1180 3728 suspi-

58 3737 138 3787 catus
159 3735 201 3786 est
220 3731 402 3801 Rossbergius
421 3731 451 3785 in
469 3731 641 3785 Fleckeiseni
660 3731 752 3785 annal.
779 3750 826 3801 pg.
847 3732 889 3795 72,
909 3729 1010 3798 (1879).
1048 3731 1081 3784 In
1099 3748 1180 3785 versu

57 3805 92 3869 ΙΙ,
112 3804 138 3868 4,
160 3803 193 3856 10
212 3802 375 3872 Vpraebet:
394 3803 486 3866 vitrei,
505 3803 578 3870 qnod
599 3803 693 3856 omisit
711 3800 758 3866 ΑΙ,
775 3803 885 3856 addidit
903 3801 947 3867 1²,
967 3821 1051 3871 quam
1066 3820 1180 3856 manum

59 3876 186 3944 sequitur
203 3875 240 3938 B3
266 3875 353 3929 ceteri
378 3874 511 3928 exhibent
528 3874 610 3928 vasti.
648 3874 793 3928 Lectiones
819 3874 860 3938 ΙΙ,
884 3874 913 3938 3,
933 3874 968 3926 40
986 3872 1176 3939 „crudelibus“

58 3965 108 4017 pro
131 3944 345 4011 ,discordibns“,
371 3948 400 4000 11
418 3945 453 4009 ll,
472 3946 497 4010 3,
516 3945 564 3999 41:
593 3945 696 4009 ,furcr“
718 3963 768 4015 pro
790 3945 898 4009 ,cruor“
926 3946 1080 3999 Vaticanus
1100 3947 1178 4010 alac,

59 4019 145 4143 quilqist
164 4017 316 4086 scripturas
341 4017 524 4070 Baehrensius
552 4017 582 4069 in
606 4016 708 4070 lacuna
732 4017 835 4071 codicis
854 4018 879 4071 V
898 4017 1057 4082 adnotavit,
1077 4016 1179 4071 cumO

79 4107 131 4143 ae
164 4107 331 4143 communes.

93 4258 130 4312 m
148 4183 177 4269 4)
192 4186 391 4312 tForsitaniam
408 4186 436 4239 111
454 4186 580 4240 codicum
595 4187 618 4240 A
638 4189 666 4240 et
685 4186 710 4240 V
729 4187 881 4256 archetypo
892 4188 1027 4254 utraeque
1044 4186 1178 4241 lectiones

61 4275 92 4312 ex
107 4275 191 4312 111111
208 4301 213 4314 .
