2946 5026
623 381 841 439 „43-

206 553 231 626 I,
259 557 309 625 10,
357 557 392 618 3:
416 555 484 612 tum
506 552 533 610 Y
556 554 622 615 Par.
911 554 985 612 tunc
1009 549 1043 614 G.

257 647 306 714 10,
332 649 392 707 41:
417 646 448 700 at
470 642 498 700 Y
519 643 587 704 Par.
913 645 969 702 aut
992 640 1027 715 G,
1052 643 1088 700 ut
1112 640 1149 700 V.

258 736 307 804 10,
334 737 392 797 5οτ
418 734 545 807 occupat
567 732 594 790 Y
616 731 683 791 Par.
912 734 1039 806 occupet
1062 729 1097 791 G.

186 820 228 893 Π,
276 825 306 894 6,
354 828 391 886 7:
416 820 489 897 Spes
512 822 602 882 sulcis
624 821 651 879 Y
674 821 742 881 Par.
767 821 844 883 Fris,
913 824 943 880 et
966 820 1056 880 sulcis
1080 818 1116 878 G.

172 909 229 984 III,
277 915 315 992 3,
334 915 393 975 29:
418 911 525 970 iuvant
547 911 574 969 Y
597 912 666 970 Par.
917 910 1023 970 iuvent
1047 909 1082 974 G.

277 1005 307 1072 4,
334 1005 391 1064 63:
415 1000 475 1060 illis
497 999 525 1057 Y
547 1001 617 1059 Par.
920 999 966 1058 illi
991 997 1026 1058 G.

278 1095 307 1164 6,
356 1096 391 1153 7:
416 1090 527 1171 durum
549 1089 577 1148 Y
599 1090 667 1148 Par.
921 1088 1022 1147 dirum
1045 1087 1081 1149 G.

262 1231 319 1292 Sed
351 1233 448 1292 multo
476 1233 572 1292 maior
595 1250 671 1308 -pars
694 1231 857 1291 lectionum
881 1231 1033 1307 archetypi
1059 1232 1296 1306 depravatarum

172 1321 203 1379 in
227 1323 373 1397 excerptis
396 1322 539 1382 Parisinis
561 1321 812 1396 deprehenditur;
837 1320 979 1379 nimirum
1001 1321 1027 1380 ci
1043 1321 1097 1396 qui
1112 1322 1296 1400 florilegium

173 1411 309 1482 confecit,
335 1412 372 1470 ad
387 1431 473 1471 suam
487 1411 634 1471 rationem
650 1411 747 1470 multa
764 1412 850 1471 erant
870 1411 1025 1481 mutanda,
1033 1410 1057 1485 ¹)
1082 1411 1180 1479 multa
1204 1412 1295 1471 etiam

173 1500 364 1560 librariorum
396 1501 587 1579 neglegentia
619 1503 761 1576 corrupta
792 1501 873 1559 sunt.
915 1498 985 1558 Huc
1013 1498 1110 1577 igitur
1142 1500 1295 1576 pertinent

174 1589 342 1664 scripturae
365 1591 438 1650 hae:

214 1721 239 1795 Ι,
265 1727 294 1794 2,
310 1728 368 1786 0οε
394 1723 420 1782 ei
443 1723 539 1782 iratus
563 1723 631 1782 Par.
790 1741 848 1781 non
872 1737 951 1782 unu's
975 1722 1009 1786 0.

265 1817 294 1883 2,
309 1817 369 1875 91‘:
393 1812 583 1888 dampnasset
606 1812 675 1871 Par.
788 1811 909 1872 lusisset
933 1811 967 1878 Ο,

265 1905 294 1972 2,
309 1905 368 1965 97ε
394 1888 592 1961 circumdedit
613 1901 682 1963 Par.
788 1901 974 1961 circumterit
998 1901 1032 1962 0.

263 1995 293 2060 3,
309 1995 369 2054 68:
394 1990 472 2050 circa
494 1991 562 2050 Par.
789 1991 902 2050 circum
926 1990 961 2051 0.

265 2084 368 2149 3,87;
394 2078 436 2138 Aa
458 2080 526 2141 Par.
786 2079 831 2139 Ac
855 2078 888 2138 0.

265 2173 294 2239 6,
310 2174 368 2232 75:
392 2168 438 2227 Ne
460 2169 530 2228 Par.
786 2169 848 2228 Nec
872 2168 896 2228 0
921 2169 1007 2244 (item
1032 2170 1071 2241 II,
1098 2176 1127 2241 2,
1158 2169 1210 2248 13)

265 2263 294 2331 8,
312 2263 368 2320 14:
393 2258 516 2334 colligat
539 2258 605 2316 Par.
786 2258 902 2336 colligit
926 2257 960 2317 0.

265 2352 294 2416 0,
331 2352 369 2410 3:
394 2349 438 2406 est
462 2348 556 2422 siquis
579 2347 647 2406 Par.
789 2352 819 2407 et
843 2347 937 2423 siquis
961 2347 995 2411 0.

244 2440 294 2508 10,
332 2441 368 2500 3:
392 2435 470 2494 Tum
493 2437 560 2496 Par.
785 2436 869 2496 Tunc
893 2435 927 2499 O.

116 2593 118 2597 ἲ
244 2528 294 2598 10,
331 2531 368 2588 4:
393 2524 433 2584 Et
456 2525 522 2587 Par.
785 2525 863 2584 Tum
887 2525 953 2599 AV,
977 2525 1062 2585 Tunc
1086 2524 1121 2584 G.

245 2619 294 2685 10,
331 2619 368 2677 S:
394 2617 518 2689 aptabat
541 2614 608 2676 Par.
787 2617 905 2675 astabat
929 2613 963 2674 0.

244 2707 294 2773 10,
309 2707 369 2767 37:
394 2704 604 2779 perscissisque
626 2703 695 2764 Par.
727 2734 729 2739 ⁴
787 2704 994 2779 percussisque
1018 2702 1053 2777 0,
1077 2703 1192 2761 multae
1210 2703 1297 2776 aliae,

395 2811 470 2867 quas
494 2793 600 2852 afferre
623 2795 748 2872 longum
772 2796 825 2855 est.

263 2922 444 3000 Ubicunque
474 2925 570 3003 igitur
593 2926 798 2987 Parisinorum
829 2927 996 3002 scripturae
1026 2927 1213 3003 reliquorum
1249 2945 1299 2986 co·

174 3012 273 3071 dicum
309 3014 500 3074 consensione
534 3014 699 3075 destitutae
732 3015 813 3091 ipsae
847 3034 900 3091 per
935 3035 966 3075 se
999 3016 1107 3076 co'dicis
1139 3015 1298 3092 archetypi

174 3101 353 3163 lectionibus
369 3121 427 3162 non
447 3107 611 3179 praestant,
637 3104 755 3164 omnino
779 3107 851 3163 sunt
874 3105 1095 3183 neglegendae;
1119 3105 1170 3164 sed
1194 3107 1299 3164 extant

174 3191 206 3248 in
229 3191 368 3269 florilegii
398 3193 549 3253 codicibus
583 3195 673 3253 etiam
697 3194 867 3267 nonnullae,
891 3194 1003 3270 quibus
1026 3195 1133 3254 menda
1157 3193 1299 3253 Guelfer-

175 3280 283 3356 bytani
316 3283 347 3341 ct
379 3281 513 3342 codicum
537 3282 594 3340 AV
624 3283 792 3342 communia
822 3283 933 3360 optime
964 3284 1178 3361 corriguntur,
1211 3283 1300 3342 velut

175 3369 222 3428 his
245 3369 335 3431 locis:

214 3484 239 3557 I,
266 3491 295 3560 5,
310 3491 369 3549 61:
394 3488 511 3560 praesto
535 3487 593 3546 tibi
616 3490 735 3563 praesto
759 3486 838 3546 0..
858 3491 978 3563 praesto
994 3507 1110 3563 semper
1134 3490 1174 3561 te,
1202 3488 1297 3549 Par..

395 3577 526 3650 (praesto
550 3595 665 3652 semper
687 3576 754 3651 tibi,
779 3577 942 3653 Muretus).

217 3654 221 3661 ’
267 3668 297 3736 9,
312 3669 351 3728 23
376 3683 420 3739 sq.
446 3666 560 3724 colandi
584 3684 649 3742 spes
756 3666 867 3731 Est..
893 3668 994 3740 vetat,
1026 3665 1094 3725 Par.
1126 3699 1160 3708 -·
1187 3666 1295 3725 celanti

396 3753 441 3813 sas
551 3753 598 3814 Sit
705 3759 788 3816 vetet
812 3755 846 3814 0.

199 3841 240 3914 II,
268 3846 296 3913 l,
311 3847 370 3906 38:
396 3843 504 3921 glande
527 3843 595 3903 Par.
623 3879 662 3888 -
688 3845 800 3922 grande
823 3843 857 3904 0.

268 3937 297 4003 2,
314 3936 371 3995 15:
394 3932 472 3990 indis
495 3932 564 3991 Par.
594 3968 629 3976 -
656 3933 745 3992 undis
769 3932 803 3993 Ο.

267 4026 372 4093 412:
397 4041 477 4081 nunc
500 4022 568 4081 Par.
595 4057 635 4066 -
659 4042 728 4080 nam
751 4021 786 4082 0.

268 4233 294 4301 1)
312 4234 384 4289 Vide
404 4255 477 4307 quae
495 4255 579 4308 supra
597 4237 626 4291 in
645 4255 706 4307 cap.
728 4237 739 4288 l
761 4235 776 4302 ξ
795 4236 813 4288 4
831 4237 1043 4307 disputavimus.
