2946 5026
629 382 847 441 -.14-

176 573 280 614 versus
303 556 436 614 metrum
459 555 609 625 obstaret;
634 555 714 630 apud
737 555 899 614 Paulinum
923 554 1000 613 enim
1024 555 1296 616 Petrocordiensem

174 644 206 701 in
231 644 295 702 vita
317 642 365 702 st.
390 643 513 702 Martini
539 643 592 716 IV,
618 643 721 720 2251)
747 644 893 719 scriptum
918 647 974 702 est:

312 733 447 806 „Rursus
471 733 529 792 iter
552 751 671 809 gressus
695 733 864 793 venerabile
888 736 1009 792 sanctus
1035 735 1144 810 agebat

310 821 471 880 Carnotina
494 822 591 881 iacent
614 822 727 897 patulis
751 842 828 900 quae
851 823 968 882 moenia
991 823 1134 898 campis“‚

175 912 211 968 ut
234 910 355 970 Carnoti
379 912 565 986 paenultima
588 911 735 987 product'a
758 912 982 987 pronuntietur.
1032 912 1074 970 At
1097 911 1197 969 omnia
1221 931 1298 986 quae

174 999 205 1056 in
222 999 355 1059 Caesaris
379 1001 599 1060 commentariis
623 1005 729 1060 extant
752 1002 886 1076 exempla
910 1002 1064 1060 nominum
1080 1002 1167 1059 modo
1192 1019 1298 1060 secun-

175 1089 246 1147 dum
278 1090 400 1148 tertiam
423 1090 510 1149 modo
535 1091 698 1148 secundum
727 1090 853 1149 alteram
886 1091 1114 1150 declinationem
1140 1091 1297 1161 fiexorum,

175 1179 261 1237 velut
285 1176 430 1238 Santones
454 1182 485 1237 et
508 1178 633 1238 Santoni
644 1180 679 1253 2),
703 1178 832 1238 Teutoni
857 1183 886 1238 et
909 1177 1104 1257 Teutonesl),
1136 1179 1298 1239 Atrebates

78 1291 82 1301 ·
175 1271 205 1326 et
228 1267 367 1327 Atrebati
375 1269 414 1344 ⁴),
448 1267 562 1327 Caletes
593 1271 623 1327 et
647 1267 750 1341 Caleti,
784 1269 842 1327 alia
873 1269 928 1328 hoc
957 1271 1036 1328 inter
1060 1288 1090 1327 se
1114 1272 1297 1346 congruunt,

174 1357 255 1431 quod
278 1357 465 1433 paenultima
480 1358 596 1433 syllaba
619 1357 824 1435 corripiturf’).
873 1357 938 1427 Qua
961 1359 997 1417 de
1020 1377 1109 1417 causa
1131 1359 1213 1416 haud
1238 1359 1298 1418 scio

174 1465 210 1502 an
236 1446 326 1504 etiam
343 1446 489 1505 Carnutes
506 1446 692 1522 paenultima
708 1452 846 1522 correpta
862 1448 1120 1522 pronuntiandum
1135 1448 1185 1520 sit,
1211 1468 1299 1523 prae-

174 1535 277 1594 sertim
301 1555 370 1594 cum
391 1535 537 1595 Paulinus
553 1535 744 1595 Petrocorius
768 1556 828 1611 quo
844 1537 955 1596 saeculi
972 1537 1072 1612 quinti
1088 1541 1155 1612 post
1180 1535 1250 1594 chr.
1267 1557 1297 1594 n.

174 1625 318 1700 scriptore
342 1644 402 1683 uno
426 1643 566 1684 mensura
589 1620 650 1682 illa'
665 1626 804 1684 vocabuli
821 1626 941 1694 nititur,
967 1646 1033 1685 cum
1059 1626 1134 1685 alias
1158 1629 1299 1684 veterum

127 1705 129 1710 ’
174 1713 255 1790 leges
278 1714 308 1771 in
332 1714 463 1774 carmine
495 1715 695 1789 componendo
725 1734 787 1773 non
816 1716 860 1773 ita
891 1714 1051 1792 diligenter
1082 1717 1298 1785 observaverit,

173 1806 240 1861 tum
263 1803 393 1862 maxime
416 1804 447 1861 in
471 1804 625 1862 nominum
649 1805 841 1878 propriorum
864 1803 927 1862 sive
955 1824 1132 1881 graecorum
1156 1824 1298 1864 mensura

174 1893 341 1967 peccaverit
357 1892 569 1971 saepissimelt.
609 1892 686 1951 Tum
709 1893 805 1971 igitur
821 1892 1059 1970 Frisingensium
1076 1895 1227 1969 scriptura
1243 1914 1296 1968 pro

174 1981 311 2041 codicum
333 1982 460 2042 lectione
487 1981 648 2056 „Oarnoti“
674 1983 840 2057 recipiatur
863 1974 1031 2057 oportebit:

388 2070 527 2130 Carnutis
552 2073 582 2130 et
604 2071 675 2130 flavi
699 2072 817 2130 caerula
840 2072 952 2146 limpha
975 2072 1074 2150 Liger.

174 2159 239 2229 Qua
262 2159 388 2220 lectione
404 2163 522 2236 recepta
545 2160 686 2220 tollemus
703 2161 794 2219 etiam
819 2157 971 2220 elisionem
995 2162 1078 2220 illam
1094 2162 1175 2221 vocis
1199 2161 1297 2220 forma

173 2250 294 2308 molossi
310 2250 402 2325 pediS,
420 2253 557 2326 correpta
573 2250 689 2325 syllaba
704 2253 847 2325 sequente
863 2251 1032 2322 admissam,
1050 2271 1142 2326 quam
1155 2251 1296 2310 Tibullus

174 2340 284 2398 vitasse
307 2339 438 2410 videtur,
463 2358 531 2398 cum
554 2358 704 2414 nusquam
728 2340 759 2397 in
784 2340 847 2398 eius
865 2339 1046 2400 carminibus
1069 2341 1126 2398 nisi
1150 2341 1206 2400 hoc
1229 2342 1293 2399 loco

171 2428 225 2486 illa
247 2429 430 2488 inveniatur.

261 2517 296 2575 In
320 2536 410 2577 versu
433 2517 561 2593 denique
584 2516 609 2587 1,
636 2523 665 2590 2,
694 2522 732 2581 19
766 2517 928 2576 verborum
951 2519 1176 2578 collocationem
1202 2538 1294 2594 quam

172 2606 377 2683 Frisingensia
400 2608 561 2682 praebent:

401 2695 458 2754 Illa
482 2696 568 2754 docet
590 2695 673 2753 molli
696 2694 804 2753 furtim
828 2697 968 2771 derepere
990 2697 1067 2756 lecto

171 2785 268 2862 magis
292 2804 327 2843 ex
350 2788 456 2860 poetae
479 2803 539 2843 usu
563 2796 625 2843 esse
641 2804 732 2859 quam
748 2804 825 2860 quae
848 2785 879 2843 in
900 2786 1010 2845 nostris
1034 2785 1185 2846 codicibus
1210 2788 1295 2845 extat

176 2875 302 2948 „furtim
332 2874 447 2945 molli“,
482 2892 582 2933 ornnes
614 2874 666 2949 qui
697 2873 954 2938 Tibullianorum,
971 2893 1114 2934 versuum
1146 2875 1294 2933 rationem

172 2967 332 3034 noverunt,
357 2964 485 3023 libenter
508 2962 594 3022 nobis
618 2963 786 3022 concedent.

261 3053 306 3112 De
337 3053 442 3112 ceteris
475 3054 578 3111 autem
608 3052 755 3111 librorum
786 3053 993 3127 discrepantiis
1026 3073 1094 3112 cum
1126 3053 1185 3112 viri
1213 3053 1294 3112 docti

173 3161 273 3201 omnes
290 3142 485 3215 consentiant,
509 3141 568 3199 iam
585 3142 621 3198 ad
637 3141 753 3216 reliqua
769 3141 881 3200 Tibulli
905 3145 1044 3217 excerpta
1060 3143 1189 3201 transire
1211 3142 1292 3202 licet.

172 3232 287 3301 Quibus
320 3231 494 3289 examinatis
526 3250 600 3288 num
633 3231 706 3289 certi
730 3231 803 3306 quid
835 3232 871 3289 de
902 3231 1073 3308 eclogarum
1096 3231 1295 3306 codicumque

173 3321 349 3398 cognatione
373 3321 439 3379 erui
461 3319 565 3395 possit,
590 3319 768 3379 videbimus.

172 3471 232 3478 ——a

262 3549 289 3615 1)
308 3551 440 3621 Mignius‚
460 3550 561 3620 patrol.
580 3552 647 3603 tom.
667 3549 729 3602 LXI
748 3568 794 3619 pg.
816 3549 885 3603 1042
903 3551 935 3603 A.

262 3638 289 3705 2)
309 3640 408 3693 Oonfcr
438 3640 556 3695 Ptolem.
588 3656 683 3709 geogr.
713 3639 737 3704 2,
758 3640 788 3692 6:
819 3638 969 3704 Σᾰντονες,
1003 3641 1104 3694 Tibull.
1132 3641 1157 3705 I,
1184 3641 1213 3706 7,
1245 3642 1293 3694 10:

172 3709 326 3765 santonici.
541 3712 544 3716 ’

261 3798 288 3866 3)
308 3800 407 3854 Confer
424 3799 549 3867 Propert.
568 3797 616 3863 Ill,
636 3798 660 3864 2,
680 3799 728 3853 44;
748 3798 925 3853 Teutonicus.

261 3887 289 3955 4)
308 3889 408 3942 Confer
427 3887 520 3941 Sidon.
540 3905 623 3941 carm.
644 3888 668 3952 5,
688 3887 754 3940 212:
774 3884 949 3941 Atrebatum.

261 3985 289 4053 5)
308 3987 349 4040 De
368 3986 476 4039 incerta
503 3985 644 4039 vocalium
669 4003 799 4039 mensura
825 3985 900 4054 apud
925 3985 1044 4039 Graecos
1064 3987 1112 4039 cfr.
1133 3985 1224 4038 Strab.
1245 3985 1292 4050 IV,

172 4056 198 4124 3,
219 4058 282 4112 194:
304 4057 417 4131 Κάλετᾳι
437 4060 465 4110 et
484 4057 600 4111 Ptolem.
620 4074 714 4126 geogr.
735 4057 759 4121 2,
780 4057 794 4108 7
814 4075 860 4125 pg.
883 4057 945 4110 137:
966 4054 1093 4119 Καλῆται.

263 4154 289 4222 6)
310 4156 370 4221 Qua
398 4154 432 4208 de
457 4173 486 4208 re
506 4155 598 4209 confer
619 4173 690 4222 quae
714 4155 759 4207 W.
780 4155 806 4208 S.
828 4155 992 4220 Teuffelirm,
1016 4155 1095 4208 Rom.
1120 4154 1175 4207 litt.
1195 4154 1256 4221 474,
1276 4154 1293 4206 3

174 4227 330 4297 disputavit
350 4223 461 4294 (eremo,
479 4223 663 4293 minorante.)
