2946 5026
767 399 986 459 ..36-

313 571 391 631 ratio
414 571 446 630 in
469 571 574 631 ceteris
599 590 720 647 quoque
745 573 848 650 elegiis
872 572 1040 632 intercedit.
1077 571 1156 630 Nam
1178 571 1282 631 nullus
1305 570 1370 630 fere
1393 572 1433 630 est

313 662 407 734 locus,
431 661 550 720 utiam
573 679 665 737 supra
687 662 803 722 dictum
827 665 881 736 est,
907 662 1068 737 paululum
1084 661 1243 731 diffieilior,
1270 681 1363 737 quem
1378 678 1435 719 non

314 751 492 825 conjecturis
517 750 624 810 codicis
647 747 683 808 Α1
705 751 847 812 librarius
871 751 1065 828 temptaverit
1089 753 1143 810 aut
1159 751 1335 810 commentis
1350 769 1435 826 saepe

312 840 506 916 ineptissimis
522 840 740 915 depravaverit.
765 841 899 900 Alteram
916 860 1011 915 pauca
1027 840 1116 900 haec:
1138 839 1163 912 I,
1177 846 1206 912 2,
1221 845 1258 904 3:
1277 857 1380 899 amans
1397 873 1432 883 —

312 928 489 1005 amor01).
526 929 551 1002 I,
567 935 596 1003 2,
612 934 652 993 56
665 933 750 1007 (54);
776 928 1113 1006 exspue-despueO,
1145 928 1170 1003 Ι,
1189 934 1220 998 3,
1238 934 1298 994 26:
1331 948 1435 989 succu-

312 1019 413 1078 buisse
431 1053 472 1062 —
491 1019 662 1079 secubuisse
678 1018 712 1080 0.
746 1019 772 1093 I,
797 1025 827 1091 l,
853 1024 914 1083 22:
939 1019 1017 1079 freta
1040 1020 1138 1095 longa,
1164 1037 1255 1094 quam
1279 1018 1435 1078 lectionem

313 1108 512 1167 Baehrensius
535 1107 566 1164 in
590 1108 781 1168 adnotatione
804 1129 855 1186 pg.
882 1108 988 1167 xvm
1011 1107 1149 1167 editionis
1172 1126 1245 1166 suae
1267 1127 1352 1167 mera
1375 1107 1434 1166 sive

313 1197 503 1275 neglegentia
535 1197 597 1255 sive
632 1198 862 1274 interpolatione
893 1201 1026 1257 exortam
1063 1215 1124 1257 esse
1158 1199 1240 1257 recte
1273 1197 1433 1267 contendit,

314 1307 381 1346 cum
398 1287 500 1346 eadem
515 1287 546 1344 in
563 1287 673 1364 pagina
689 1288 799 1346 mirum
814 1288 845 1345 in
864 1289 987 1346 modum
1004 1287 1071 1345 inde
1094 1286 1174 1362 quod
1199 1289 1304 1345 auctor
1328 1287 1432 1345 florum

314 1377 531 1436 auctoritatum
554 1377 713 1435 moralium
721 1375 747 1452 ²)
770 1396 893 1436 versum
916 1377 1004 1435 illum
1027 1375 1155 1435 tradidit
1177 1376 1239 1434 ita:

526 1482 617 1542 Irrita
640 1503 693 1560 per
716 1488 811 1543 terras
836 1488 866 1544 et
887 1484 978 1561 longa
1001 1483 1080 1542 freta
1103 1482 1215 1556 ferunt,

314 1588 469 1660 coniceret,
494 1609 618 1665 pravam
640 1591 716 1650 hanc
739 1591 897 1650 lectionem
924 1591 1034 1668 „longa
1056 1589 1166 1660 freta“‚
1191 1588 1282 1647 etiam
1298 1609 1316 1647 a
1333 1606 1430 1646 versus

313 1682 410 1737 metro
443 1679 653 1739 abhorrentem
684 1700 719 1738 ex
747 1681 855 1738 codicis
879 1678 1111 1754 Guelferbytani
1134 1678 1243 1753 stirpe,
1277 1697 1355 1752 quae
1386 1697 1429 1734 ex-

313 1767 430 1826 hiberet
456 1767 539 1841 ,loca
563 1774 699 1826 summa“
728 1788 790 1829 esse
813 1769 988 1845 profectam.
1028 1767 1084 1826 Sed
1109 1786 1194 1826 nemo
1219 1766 1325 1842 opinor
1347 1765 1431 1824 dubi-

313 1857 408 1928 tabit,
445 1857 519 1931 quin
553 1858 704 1932 scripture
738 1858 848 1917 florum
879 1862 959 1917 auct.
995 1875 1070 1915 mor.
1108 1877 1123 1916 e
1156 1857 1337 1933 glossemate
1371 1854 1432 1914 voci

316 1949 471 2020 „summa“
507 1948 710 2028 superscripto
741 1947 896 2024 irrepserit
925 1951 954 2006 et
978 1946 1054 2004 falsa
1076 1945 1233 2003 metathesi
1258 1963 1350 2019 quam
1372 1962 1431 2002 sae·

313 2034 433 2110 pissime
457 2033 487 2091 in
512 2035 625 2094 Tibulli
649 2037 800 2096 codicibus
824 2035 1042 2111 deprehendere
1065 2052 1234 2111 possumus
1260 2036 1364 2092 exorta
1386 2033 1431 2094 sit.

313 2122 466 2182 Glossema
490 2127 592 2184 autem
615 2125 692 2184 illud
719 2127 845 2204 „longa“
872 2126 940 2185 inde
956 2124 1044 2183 duxit
1059 2124 1215 2201 originem,
1241 2122 1322 2197 quod
1337 2143 1431 2200 gram·

314 2233 362 2270 ma
364 2213 442 2272 tious
466 2214 588 2288 quidam
612 2215 702 2273 medii
726 2217 792 2275 aevi
815 2216 923 2273 melius
954 2234 1006 2289 per
1037 2214 1128 2289 longa
1152 2212 1246 2270 marie
1270 2231 1361 2287 quam
1385 2230 1433 2286 per

218 2306 223 2312 '
313 2302 500 2377 superficiem
515 2303 646 2362 marium
661 2304 785 2364 Veneris
802 2305 934 2379 periuria
949 2303 1021 2362 ferri
1046 2303 1159 2361 dictum
1184 2320 1246 2360 esse
1271 2300 1433 2359 arbitratus

346 2391 563 2467 tItemque
597 2391 826 2470 Guelferbytani
857 2394 946 2453 lectio
979 2393 1047 2451 inde
1088 2396 1154 2450 orta
1185 2391 1324 2461 videtur,
1358 2376 1435 2465 quod

314 2411 516 2581 giammatico
528 2482 693 2542 nesciocui
716 2483 904 2558 scriptura,
912 2484 976 2541 loca
992 2486 1127 2540 summa“
1156 2483 1243 2557 (iiber
1259 2479 1318 2538 alle
1333 2480 1434 2556 herge)

313 2570 409 2647 magis
434 2590 524 2645 quam
547 2571 600 2630 illa
624 2572 781 2632 intellectu
804 2572 907 2648 paullo
931 2571 1081 2629 difficilior
1109 2590 1180 2645 „per
1203 2569 1282 2628 freta
1298 2571 1432 2626 summa“

314 2659 462 2734 placebat.
488 2660 513 2730 I,
532 2665 562 2731 l,
582 2665 622 2724 50
639 2658 675 2719 Αι
692 2661 861 2720 exhibuisse
873 2660 1009 2719 videtur:
1027 2660 1159 2718 humeris
1171 2677 1261 2736 neges
1273 2657 1436 2716 -humeri

314 2751 424 2825 negent
448 2748 482 2806 Ο.
516 2748 541 2819 Ι,
560 2753 589 2823 6,
610 2754 669 2812 5οε
695 2751 811 2809 invitus
835 2751 924 2825 (mira
946 2749 1190 2825 interpolatione)
1208 2783 1240 2790 —
1259 2749 1386 2805 eventus
1403 2745 1435 2805 Ο.

313 2837 338 2908 Ι,
365 2842 394 2907 9,
421 2842 480 2901 6οε
506 2840 711 2914 quam-vel
735 2838 769 2898 0.
807 2839 832 2911 Ι,
859 2845 888 2910 8,
916 2845 971 2903 51:
996 2837 1287 2897 rustica-sontica
1311 2834 1436 2906 Giris,

315 2926 429 2985 sentica
453 2925 485 3001 0,
510 2928 621 2987 sentite
643 2927 680 2986 Y.
714 2928 755 3001 ΙΙ,
772 2935 799 3002 1,
820 2932 858 2991 17
870 2948 876 2986 :
901 2929 1046 2986 formosos
1067 2962 1101 2970 -
1122 2926 1254 2985 fumosos
1278 2923 1313 2984 Ο.
1347 2924 1390 2995 Π,
1408 2930 1436 2995 3,

314 3020 372 3079 42:
397 3016 494 3074 multo
517 3015 705 3077 innumeram
728 3017 832 3095 ingere
852 3052 887 3061 -
907 3036 1009 3080 ovem:
1035 3017 1130 3074 multa
1145 3016 1303 3074 innumera
1330 3014 1438 3091 iugera

318 3123 429 3163 —ove
453 3103 487 3163 Ο.
520 3105 561 3177 ΙΙ,
587 3111 617 3177 4,
644 3111 704 3170 23:
738 3106 821 3166 donis
841 3106 974 3164 -fanis
998 3104 1033 3169 Ο,
1073 3105 1114 3175 ΙΙ,
1141 3111 1169 3176 5,
1196 3109 1255 3168 68:
1290 3106 1439 3180 grataque

315 3194 395 3268 quod
417 3194 535 3253 monuit
553 3229 593 3238 -—
611 3199 699 3272 grata
722 3197 800 3271 quod
826 3195 982 3254 admonuit
1005 3193 1040 3252 Ο.
1072 3194 1113 3262 ΙΙ,
1132 3200 1161 3265 5,
1180 3199 1238 3256 91:
1263 3193 1377 3269 petent'
1398 3227 1437 3238 -

316 3283 434 3358 parenti
458 3281 492 3341 Ο.
529 3283 570 3355 ΙΙ,
598 3289 626 3356 5,
656 3290 734 3348 108:
771 3284 953 3342 illa-ista
976 3282 1011 3342 0.
1045 3284 1086 3354 ΙΙ,
1113 3289 1141 3353 6,
1168 3288 1225 3346 51:
1250 3282 1276 3340 si
1299 3300 1435 3340 mens—

315 3374 388 3431 tunc
422 3391 504 3430 mens
529 3371 564 3431 Ο.
607 3373 660 3445 IV,
689 3379 717 3444 1,
747 3378 803 3437 19:
839 3372 1024 3432 descenderit
1060 3373 1150 3452 (idem
1173 3370 1211 3444 B)
1242 3371 1440 3430 —desederit

316 3459 390 3519 OF.
425 3460 484 3532 IV,
511 3467 548 3533 6,
578 3467 631 3526 19;
668 3462 861 3521 adveniet-
881 3462 982 3521 veniet
1006 3460 1040 3520 0.
1094 3461 1134 3519 Et
1164 3480 1201 3519 ne
1231 3460 1283 3518 illo
1317 3460 1440 3536 quidem

314 3551 415 3609 studio
446 3569 551 3610 versus
582 3552 619 3610 ad
643 3550 743 3611 Ovidii
774 3554 869 3609 artem
899 3551 1088 3612 subtiliorem
1111 3549 1332 3620 commutandi,
1357 3550 1440 3625 quod

315 3639 373 3698 iam
405 3639 435 3697 in
468 3641 613 3715 excerptis
636 3641 779 3700 Parisinis
810 3640 1076 3716 deprehendimus,
1109 3639 1218 3698 codicis
1241 3637 1439 3698 Eboraeensis

315 3729 456 3788 librarius
487 3729 564 3790 liber
586 3731 677 3791 fuisse
701 3731 841 3802 videtur,
875 3749 943 3790 cum
975 3729 1050 3788 tales
1073 3728 1318 3804 interpolationes
1342 3730 1379 3787 ah
1405 3745 1439 3788 eo

405 3958 431 4043 1)
450 3961 509 4014 Hoc
523 3960 604 4029 signo
618 3959 743 4015 codicem
758 3961 942 4030 archetypum
962 3959 1087 4013 omnium
1105 3959 1239 4013 librorum
1250 3957 1437 4011 recentiorum

315 4032 534 4170 notabgpuhsiber
556 4102 654 4155 florum
680 4103 880 4157 auctoritatum
908 4101 1057 4156 moralium
1083 4120 1107 4156 a.
1129 4101 1197 4154 1329
1217 4100 1345 4154 Veronae
1364 4117 1435 4154 com·

315 4175 423 4244 positus
449 4177 506 4239 est,
534 4174 579 4228 vd.
599 4173 672 4228 Guil
692 4174 801 4242 Meyer,
827 4173 873 4228 die
898 4173 1095 4243 sammlungen
1121 4173 1170 4227 der
1188 4173 1370 4242 spruchverse
1389 4171 1434 4224 des

315 4245 453 4300 Publilius
473 4245 566 4314 Syrus,
584 4245 659 4315 Lipe.
680 4244 747 4298 1877
767 4263 814 4315 pg.
834 4245 866 4298 61
887 4263 948 4313 sqq.
