2946 5026
499 334 765 411 —cr-’

44 525 76 585 id
101 526 179 602 quod
203 524 341 585 Prienius
365 518 533 598 contendit,
567 525 784 601 aequalitatem
815 525 907 599 atque
939 523 1170 584 concinnitatem

45 616 189 675 orationis
220 614 340 674 turbari
371 617 425 673 aut
455 614 583 690 denique
614 615 672 674 toti
702 613 829 674 carmini
851 631 900 672 eos
924 633 983 673 non
1007 633 1170 692 congruere

43 706 121 763 mihi
143 723 264 781 possum
287 703 483 780 persuadere;
513 704 654 763 transitio
678 723 750 764 vero
776 724 793 762 a
816 721 907 763 versu
934 709 972 768 18
997 704 1035 762 ad
1059 709 1099 768 25
1124 722 1168 779 sq.

43 814 105 853 non
128 794 254 867 facilior,
278 813 295 851 a
319 812 409 852 versu
433 798 473 857 32
499 795 535 853 ad
554 799 594 858 35
615 812 659 869 sq.
685 793 775 853 etiam
799 792 931 868 asperior
954 793 1055 852 evadit
1079 813 1170 869 quam

43 884 71 942 si
95 884 257 959 pristinum
281 882 393 958 elegiae
417 882 549 941 ordinem
572 883 747 944 retinemus.

136 972 212 1031 Oum
240 971 336 1048 igitur
364 974 400 1030 ut
424 971 528 1047 opinor
550 972 739 1032 traiectiones
763 971 978 1041 distichorum,
1012 989 1087 1046 quas
1110 969 1170 1029 viri

43 1063 127 1121 docti
150 1061 332 1136 recipiendas
357 1061 649 1132 commendaverunt,
674 1080 733 1120 non
757 1061 817 1120 sint
842 1079 892 1120 eae
916 1059 1027 1135 quibus
1051 1079 1170 1120 carmen

43 1151 77 1209 in
109 1150 263 1227 integrum
293 1149 471 1209 restitutum
502 1151 620 1210 credere
652 1151 808 1225 possimus,
840 1183 873 1192 -
900 1168 995 1208 novae
1031 1149 1110 1208 enim
1140 1152 1171 1208 et

43 1241 239 1300 inconcinnae
262 1239 447 1298 transitionis
470 1239 647 1315 asperitates
671 1240 797 1299 existere
820 1239 950 1298 vidimus
975 1271 1009 1280 -
1037 1238 1169 1299 conside-

43 1348 148 1389 remus
171 1329 240 1399 iam,
265 1347 339 1404 quas
363 1346 467 1388 causas
490 1329 535 1386 illi
560 1329 730 1399 attulerint,
762 1348 816 1388 cur
839 1347 983 1398 versuum
1006 1328 1170 1405 transposi-

45 1419 131 1479 tione
155 1436 229 1495 opus
253 1436 315 1477 esse
338 1421 502 1477 conserent.

138 1507 203 1576 Qua
236 1506 266 1563 in
306 1527 338 1566 re
369 1526 402 1566 ea
440 1507 568 1565 maxime
603 1506 745 1566 videntur
787 1507 885 1566 animo
927 1507 1055 1566 tenenda
1094 1525 1171 1582 quae

45 1597 198 1658 Lucianus
222 1595 348 1654 Mueller
371 1596 408 1655 de
431 1596 499 1655 crisi
516 1596 743 1672 Propertiana1)
767 1596 894 1669 monuit,
920 1599 955 1654 ut
978 1597 1008 1654 in
1032 1596 1170 1656 omnibus

46 1686 248 1754 carminibus,
285 1685 328 1742 ita
358 1685 486 1744 maxime
518 1686 548 1742 in
581 1685 719 1762 elegiacis
753 1705 851 1745 amare
885 1686 1045 1760 aliquando
1077 1686 1170 1744 inter-

46 1775 150 1850 rumpi
180 1775 343 1834 sententias
374 1774 606 1850 digressionibus
637 1794 691 1834 nec
717 1775 779 1833 fere
809 1778 890 1834 recta
913 1775 978 1846 via,
1011 1775 1061 1834 sed
1086 1774 1172 1851 quasi

47 1885 100 1940 per
123 1865 255 1923 salebras
278 1863 427 1934 incedere3
461 1883 554 1939 quare
584 1863 651 1923 falli
683 1882 731 1922 eos
756 1865 808 1939 qui
832 1865 862 1921 in
887 1864 1051 1942 elegiarum
1075 1863 1171 1938 poetis

49 1954 148 2012 omnia
183 1954 220 2012 ad
259 1951 457 2011 severissimas
489 1953 726 2013 ratiocinationis
761 1953 875 2030 logicae
906 1971 1024 2012 normas
1053 1971 1170 2013 moroso

48 2042 167 2120 ingenio
191 2042 352 2120 exigerent.

140 2130 302 2191 Offendunt
333 2135 434 2190 autem
458 2131 517 2190 viri
546 2128 625 2191 docti
659 2150 727 2190 cum
750 2132 781 2189 in
805 2150 838 2190 eo
863 2131 944 2206 quod
965 2131 1045 2190 inter
1068 2149 1172 2190 versus

15 2288 22 2299 ‚
53 2225 182 2284 11-24
199 2225 229 2280 et
252 2226 291 2284 37
317 2239 373 2296 sq,
398 2220 509 2296 quibus
533 2221 644 2295 partim
665 2221 824 2298 religiosus
848 2221 971 2280 deornm
995 2220 1097 2279 cultus
1121 2239 1171 2279 ex-

49 2313 197 2386 ponatur,
234 2309 345 2385 partim
369 2308 488 2368 caelites
520 2309 669 2386 agricolae
700 2311 735 2369 ad
768 2330 930 2386 pauperem
965 2328 1096 2368 mensam
1127 2308 1173 2366 in·

50 2402 209 2471 vocentur,
241 2418 335 2473 prave
357 2398 500 2457 insulcati
523 2398 583 2456 sint
606 2417 711 2458 versus
736 2404 776 2464 25
801 2418 845 2475 sq.
878 2399 931 2475 qui
956 2399 992 2457 ad
1015 2399 1103 2474 plane
1128 2398 1172 2456 di-

50 2508 171 2548 versum
195 2487 412 2547 sententiarum
435 2506 530 2564 genus
553 2488 766 2565 pertineant,²)
790 2492 857 2548 tum
880 2488 911 2546 in
934 2507 968 2546 eo
991 2489 1071 2564 quod
1087 2487 1174 2546 disti-

11 2638 19 2645 ,
51 2578 126 2637 chon
150 2582 309 2653 quartum:
347 2611 350 2616 ι

233 2665 301 2741 lpse
325 2685 420 2724 seram
443 2670 561 2725 teneras
584 2669 705 2725 maturo
730 2670 863 2744 tempore
887 2666 964 2726 vites

288 2755 432 2814 Rusticus
456 2758 486 2813 et
508 2755 592 2814 iacili
615 2756 740 2833 grandia
762 2775 850 2833 poma
873 2775 964 2813 manu
1013 2810 1015 2814 Α

53 2865 69 2903 a
86 2844 222 2903 versibus
243 2844 303 2901 illis
328 2844 381 2919 qui
403 2844 434 2901 in
451 2844 530 2903 vitae
551 2863 659 2922 genere
675 2845 865 2904 describendo
881 2846 1049 2914 versentur,
1073 2842 1173 2901 minus

51 2937 132 2993 recte
155 2933 338 2992 disiunctum
362 2933 509 2992 videatur.

140 3022 183 3082 At
206 3023 306 3098 ipsum
330 3021 405 3081 illud
429 3021 577 3081 distichon
601 3041 659 3080 non
683 3023 771 3082 modo
795 3042 853 3082 non
876 3021 1096 3092 inconcinnum,
1121 3020 1173 3079 sed

53 3113 144 3173 etiam
166 3111 365 3171 necessarium
389 3129 451 3170 esse
474 3111 526 3171 illo
550 3113 614 3171 loco
639 3111 784 3170 existimo.
832 3111 908 3182 Quid
933 3111 1012 3171 enim
1035 3109 1173 3169 enuntia·

52 3203 99 3262 vit
132 3204 221 3278 poeta
244 3201 381 3260 versibus
414 3202 681 3261 antecedentibus?
727 3201 813 3259 Nihil
843 3200 901 3259 nisi
931 3201 1004 3272 hoc,
1036 3199 1115 3258 nolle
1143 3217 1173 3257 se

52 3291 157 3350 militis
189 3292 304 3350 labores
327 3289 438 3364 subire,
469 3292 506 3349 ut
537 3294 640 3367 postea
667 3291 762 3366 partis
793 3290 907 3349 divitiis
932 3289 994 3348 frui
1016 3288 1174 3362 multaque

53 3381 128 3442 culti
152 3381 209 3439 soli
232 3380 337 3457 iugera
357 3379 452 3454 possit
475 3382 585 3452 tenere,
609 3381 660 3439 sed
677 3380 772 3438 vitam
795 3380 931 3452 inertem,
956 3378 986 3436 id
1005 3379 1050 3436 est
1065 3376 1174 3435 militia

12 3488 15 3493 ·
53 3473 198 3530 remotam
220 3489 283 3529 sese
306 3470 413 3546 degere
437 3469 531 3541 velle,
563 3470 723 3527 dummodo
748 3488 876 3544 parvum
908 3468 984 3526 illud
1014 3467 1094 3542 quod
1117 3465 1175 3524 sibi

54 3562 94 3620 sit
118 3563 246 3637 praesto,
272 3559 307 3617 ad
332 3558 524 3617 securitatem
547 3558 628 3617 vitae
651 3557 792 3618 sufficiat.
833 3559 921 3616 Nunc
945 3574 1015 3615 vero
1038 3555 1174 3615 versibus

55 3657 71 3713 7
90 3669 134 3725 sq.
153 3652 254 3723 aperte
276 3647 424 3705 rusticum
449 3665 510 3706 sese
532 3646 673 3704 futurum
697 3647 858 3723 profitetur
881 3666 914 3705 ac
944 3646 1064 3722 quidem
1087 3663 1173 3719 prac-

53 3739 173 3814 cipuam
199 3744 228 3796 et
252 3735 488 3794 honestissimam
508 3736 720 3795 rusticantium
744 3736 979 3811 occupationem,
1004 3733 1174 3792 insitionem

52 3827 153 3903 ipsum
177 3826 234 3885 sibi
257 3824 418 3899 sumpsisse
442 3825 589 3898 ostendit3
622 3825 727 3885 deinde
751 3826 831 3901 quod
854 3843 979 3901 parvum
1005 3841 1095 3881 suurn
1118 3821 1175 3881 sibi

52 3917 126 3976 satis
149 3915 213 3974 fore
236 3917 343 3989 speret,
368 3913 506 3988 pluribus
530 3915 660 3990 exponit.
693 3915 768 3973 Vide
792 3915 831 3974 sis
855 3913 988 3973 distichis
1012 3916 1121 3988 quarto
1145 3913 1176 3970 et

144 4107 171 4173 1)
191 4109 257 4163 edit.
276 4109 401 4178 Propert.
420 4108 506 4177 praef.
526 4127 573 4178 pg.
593 4109 666 4162 XIV.

143 4197 171 4265 2)
191 4199 238 4253 cfr.
258 4198 410 4253 Baehrensi
428 4197 488 4251 Tib.
508 4197 614 4252 blatter
632 4218 678 4270 pg.
699 4200 742 4254 66.
