2946 5026
625 377 842 437 ..16-

174 550 312 610 exhibere
326 551 485 611 lectionem
511 553 560 626 „et
575 551 657 609 solo“
682 549 814 628 Scaliger
829 552 970 623 testatur,
993 549 1026 607 in
1038 549 1175 608 Parisino
1191 552 1292 609 autem

173 640 272 700 codice
289 640 382 700 altero
400 645 483 705 7647
502 642 534 716 (p
550 639 724 717 Baehrensi)
749 639 896 716 scriptum
919 639 1073 698 invenitur
1099 642 1148 713 „et
1171 637 1293 717 solem,

173 730 203 787 in
236 730 330 788 altero
362 729 609 789 Nostradamensi
641 730 756 805 (littera
778 750 798 787 n
822 729 953 807 signato)
978 731 1060 788 extat
1086 731 1136 804 „et
1170 729 1292 788 solito.“

172 819 231 878 Pro
257 818 396 894 „limine“
424 839 515 894 quam
537 819 664 878 formam
683 818 873 896 Scaligerana
896 821 927 877 et
951 818 1084 877 Parisina
1106 839 1126 894 p
1149 818 1181 876 in
1205 836 1294 877 versu

173 907 199 981 I,
224 914 244 972 4
270 913 309 972 62
337 908 486 982 exhibent,
510 908 542 966 in
565 909 664 968 codice
687 902 821 968 Paridrno
845 928 865 966 n
890 911 973 966 extat
999 907 1167 983 „lumine“;
1205 908 1295 967 item-

174 1016 233 1073 que
263 997 294 1055 in
330 1002 454 1072 ,sueco“
491 999 641 1073 scriptura
664 998 688 1070 I,
714 1003 746 1075 8,
773 997 811 1062 ll
837 998 973 1057 Parisina
1000 1018 1020 1073 p
1051 999 1081 1057 et
1105 996 1296 1075 Scaligerana

173 1087 365 1146 consentiunt
400 1090 504 1147 contra
538 1087 606 1146 Par.
638 1108 673 1158 n,
708 1087 740 1146 in
776 1106 835 1163 quo
867 1087 1013 1162 scriptum
1049 1089 1132 1146 extat
1171 1086 1291 1160 ,11111α

175 1176 282 1235 Confer
298 1177 389 1236 etiam
411 1177 437 1251 Ι,
457 1182 507 1247 10,
525 1183 581 1241 491
610 1181 809 1252 „vomerque“
828 1176 897 1236 Par.
922 1180 988 1252 pet
1003 1174 1125 1253 Scalig,
1152 1195 1296 1252 „nomen-

174 1269 252 1342 que“
279 1265 347 1326 Par.
373 1287 407 1337 n;
432 1266 456 1324 I.
483 1271 512 1340 9,
538 1271 594 1330 23:
622 1266 787 1341 ,nectibi“
813 1265 881 1324 Par.
906 1286 926 1341 p
950 1264 1115 1343 etScalig,
1143 1266 1293 1340 ,11111111α

173 1353 232 1413 Ρ11
255 1375 288 1427 n;
313 1355 367 1429 IV,
396 1362 422 1429 l,
448 1360 505 1419 95:
534 1360 674 1432 „parma“
701 1355 806 1430 Par.p
830 1358 860 1415 et
876 1354 993 1433 Scalig.,
1020 1358 1152 1431 ,parva“
1178 1355 1248 1419 Par.
1266 1376 1295 1413 n.

175 1444 253 1515 Quid
286 1445 367 1521 quod
389 1444 524 1503 Parisina
555 1446 621 1521 ipsa
652 1465 834 1521 quamquam
866 1448 945 1504 certe
979 1444 1081 1504 eodem
1112 1447 1197 1520 patre
1224 1446 1297 1503 nata

175 1534 293 1611 saepius
309 1534 498 1612 longiusque,
524 1554 613 1609 quam
632 1533 776 1612 Scaligeri
792 1535 911 1612 eclogae
928 1534 1078 1610 codexque
1094 1533 1162 1592 Par.
1180 1554 1200 1609 p
1215 1534 1297 1593 inter

175 1642 205 1682 se
229 1623 394 1697 discedunt,
419 1624 504 1683 velut
527 1622 567 1694 II,
588 1630 615 1694 1,
634 1628 692 1688 37:
720 1623 836 1698 ,colos“
864 1644 893 1699 p,
921 1623 1031 1697 ,10111ιι
1058 1644 1092 1694 n;
1116 1622 1158 1693 11,
1188 1628 1295 1694 1,48;

177 1713 354 1788 „deposuit“
388 1732 417 1788 p,
445 1712 605 1787 ,deponit“
632 1733 669 1784 n;
702 1711 743 1783 ΙΙ,
773 1718 799 1786 l,
825 1717 884 1777 89:
916 1713 1066 1787 ,tacitus“
1093 1732 1122 1787 p,
1151 1712 1292 1786 „tacitis“

174 1823 211 1874 n;
235 1800 277 1872 ΙΙ,
296 1807 325 1876 2,
347 1805 403 1866 13;
430 1803 496 1877 „Ne
519 1803 576 1862 tibi
593 1802 755 1878 quaesieris
771 1804 933 1877 cetumque
949 1821 1077 1876 cumque
1101 1821 1154 1876 per
1169 1803 1292 1861 orbem“

174 1912 204 1967 p,
233 1891 293 1966 „Te
304 1891 363 1951 tibi
377 1891 539 1967 quaesieris
554 1894 714 1967 totumque
727 1910 779 1966 per
795 1892 914 1951 orbem“
941 1912 975 1963 n;
1000 1890 1024 1961 Ι,
1044 1896 1073 1962 3,
1093 1896 1148 1955 70:
1177 1891 1294 1965 ,11111α

175 2001 205 2052 11,
233 1980 352 2058 ,fugit“
379 2001 412 2056 p;
436 1980 461 2054 I,
489 1987 517 2052 1,
543 1986 601 2044 20:
636 1981 691 2055 „de
715 2000 822 2059 magno
846 1984 891 2039 est
914 1981 1023 2055 preda“
1050 2000 1080 2051 n,
1107 1981 1163 2056 „de
1185 1998 1298 2057 magno

176 2071 286 2145 preda“
313 2090 342 2145 p,
367 2070 391 2141 Ι,
418 2075 448 2143 3,
474 2075 532 2134 88;
569 2070 734 2144 „remittite
761 2091 791 2141 n,
824 2070 999 2144 „remittat“
1025 2090 1044 2145 p
1069 2074 1125 2128 etc.

113 2173 114 2176 ’
265 2158 423 2219 Praeterea
446 2157 636 2236 Scaligerana
668 2162 805 2234 excerpta
828 2158 942 2218 Tibulli
966 2178 1070 2218 versus
1102 2178 1119 2215 a
1142 2158 1298 2236 florilegiis

177 2249 289 2308 alienos
313 2249 466 2324 complexa
486 2269 543 2307 non
568 2252 648 2308 sunt.
696 2248 776 2319 Quos
801 2249 879 2308 enim
894 2248 1069 2308 Protzenius
1093 2268 1128 2306 ex
1152 2248 1193 2306 eis
1209 2249 1298 2306 affert

175 2339 206 2396 in
229 2339 371 2398 Parisinis
406 2338 557 2398 codicibus
588 2358 648 2398 non
672 2341 828 2409 extantes,
852 2325 925 2396 ¹veri
957 2337 1144 2396 simillimum
1178 2340 1224 2396 est
1259 2358 1297 2397 ne

176 2428 228 2486 illa
252 2428 374 2503 quidem
398 2428 574 2487 exhibuisse.
622 2428 701 2485 Nam
724 2431 889 2503 utrumque
908 2427 1016 2498 locum,
1042 2445 1162 2485 versum
1185 2425 1241 2498 IV,
1268 2432 1298 2498 2,

179 2523 218 2581 23
244 2522 275 2576 et
297 2517 352 2588 IV,
380 2521 430 2588 13,
458 2523 496 2581 18
521 2516 653 2595 Scaliger
675 2517 705 2574 in
731 2516 978 2594 castigationibus
1002 2516 1064 2574 suis
1095 2535 1154 2574 non
1179 2515 1299 2593 eclogas

177 2625 246 2666 suas
270 2608 319 2666 vel
342 2605 470 2682 priscam
493 2607 683 2681 scripturam,
716 2607 828 2681 quibus
859 2605 938 2664 notis
968 2609 1106 2680 excerpta
1129 2604 1299 2681 significare

177 2697 262 2767 solet,
292 2695 430 2755 exhibere
462 2696 545 2767 dicit,
580 2696 631 2755 sed
664 2698 743 2755 certe
775 2695 1034 2772 neglegentissime
1068 2699 1203 2768 „veteres
1228 2713 1299 2753 sues

176 2787 287 2845 libros“
323 2786 371 2844 vel
405 2788 540 2860 „veteres
571 2803 671 2852 omnes
701 2784 825 2858 libros“,
859 2804 919 2859 qua
949 2785 985 2843 de
1018 2784 1207 2860 neglegentia
1239 2783 1297 2841 viri

176 2875 304 2933 illustris
319 2874 478 2933 Eduardus
494 2874 629 2934 Hillerus
643 2875 674 2932 in
691 2893 766 2938 mus¹
784 2874 879 2934 Rhen.
897 2874 955 2932 vol.
973 2872 1072 2930 XXIX
1089 2893 1138 2950 pg.
1155 2876 1217 2936 100
1231 2891 1298 2949 sqq.

178 2964 362 3040 disputavit3
386 2964 417 3022 in
441 2964 603 3040 exemplari
627 2966 730 3022 autem
753 2963 891 3023 editionis
914 2962 1130 3036 Plautinianae‚
1155 2961 1243 3020 ouius
1267 2963 1298 3020 in

177 3055 312 3132 margine
335 3054 469 3113 codicum
493 3072 616 3112 suornm
647 3053 788 3112 lectiones
813 3053 909 3111 varias
934 3052 1079 3127 ascripsit,
1114 3051 1151 3110 ad
1174 3069 1299 3110 versum

178 3142 232 3216 IV,
259 3149 287 3214 2,
314 3147 353 3207 23
386 3144 484 3201 solum
507 3143 535 3199 V
568 3143 688 3220 signum
719 3143 749 3200 id
782 3147 827 3201 est
851 3141 1003 3200 Ouiaciani
1034 3141 1206 3200 recentioris
1238 3160 1299 3216 quo

178 3236 296 3307 praeter
318 3233 523 3309 fragmentum
546 3232 624 3290 illud
658 3232 833 3308 eclogasque
856 3233 1003 3290 utebatur
1026 3231 1073 3289 vir
1096 3230 1298 3303 doctissimus

180 3324 209 3381 et
233 3321 270 3380 ad
294 3341 414 3380 versum
437 3321 492 3395 IV,
520 3327 569 3392 13,
598 3326 636 3384 18
660 3324 762 3380 notam
788 3319 832 3378 00
855 3321 996 3396 apposuit
1020 3339 1081 3395 qua
1112 3321 1185 3378 nota
1216 3319 1299 3396 frag-

178 3414 314 3470 mentum
338 3410 531 3470 Cuiaeianum
554 3410 699 3486 insignire
723 3411 845 3473 solebat.

268 3501 341 3559 Inde
363 3501 424 3559 11111
455 3502 588 3577 apparet,
623 3500 653 3557 in
685 3499 867 3559 carminibus
890 3498 1067 3559 Tibullianis
1100 3501 1165 3556 arte
1196 3496 1300 3556 critica

178 3589 372 3650 restituendis
389 3593 527 3664 excerpta
552 3589 790 3649 etVincentiana
813 3592 843 3648 et
856 3587 1044 3666 Scaligerana
1068 3605 1190 3662 prorsus
1214 3605 1299 3662 posse

180 3680 297 3753 omitti,
337 3699 406 3738 cum
440 3680 491 3737 illa
515 3699 550 3738 ex
582 3679 731 3738 communi
755 3677 972 3755 florilegiorum
1003 3677 1102 3736 codice
1135 3676 1299 3752 archetypo

179 3769 322 3828 fluxerint
353 3789 449 3844 neque
484 3768 649 3844 quidquam
682 3767 739 3827 sibi
771 3768 902 3826 habeant
937 3767 1060 3842 proprii,
1101 3766 1174 3824 haec
1207 3765 1299 3825 etiam

180 3878 259 3918 nunc
282 3859 313 3916 in
337 3858 435 3917 codice
451 3857 587 3916 Parisino
611 3877 639 3932 p,
665 3877 754 3932 quem
777 3855 953 3932 Meynckius
977 3856 997 3914 1.
1014 3857 1034 3917 1.
1059 3854 1192 3930 appellat
1214 3854 1299 3912 Thu-

181 3968 299 4018 aneum,
325 3950 425 4006 extare
449 3947 618 4006 videantur.
654 3946 793 4021 Namque
817 3946 959 4023 Scaligeri
984 3946 1102 4022 eclogae
1125 3945 1187 4002 fere
1203 3944 1299 4002 omni-

180 4039 237 4098 bus
260 4026 336 4096 locis
356 4056 425 4096 curn
448 4036 589 4094 Thoaneo
613 4036 774 4095 concinunt
797 4036 849 4107 ita,
883 4039 919 4094 ut
943 4035 1006 4094 veri
1039 4033 1226 4093 simillimum
1249 4033 1298 4102 sit,

181 4127 281 4186 virum
311 4126 399 4183 illum
430 4125 634 4184 doctissimum
666 4146 683 4184 a
706 4125 848 4196 Theano,
884 4126 970 4184 euius
1000 4125 1031 4182 in
1061 4122 1300 4181 familiaritatem

182 4220 313 4288 venerat,
338 4215 468 4274 codicem
492 4215 631 4292 florilegii
655 4214 800 4288 accepisse
824 4215 1050 4289 excerpendum.
