2946 5026
516 390 733 448 ..19-

56 563 176 623 tionem
198 562 453 635 reformidaverit,
486 561 622 639 profecta
654 580 717 622 esse
748 580 807 621 non
830 562 939 637 potest,
972 560 1029 619 nisi
1052 559 1132 620 forte
1154 559 1186 618 in

58 672 154 712 suum
177 651 272 729 ipsius
296 653 455 713 consilium
470 652 632 712 monachus
655 651 708 711 ille
731 650 877 727 peccavit.
925 649 1004 718 Quin
1029 650 1134 717 autem
1153 649 1185 709 iu

60 744 274 818 excerptorum
289 742 387 803 codice
404 743 569 819 archetypo
584 742 673 802 lectio
693 743 791 814 „un0“
816 739 961 810 extiterit,
985 758 1054 798 cum
1070 737 1185 798 codices

58 852 80 889 n
105 834 137 890 et
160 851 180 907 p
203 832 282 891 inter
312 851 344 891 se
375 835 551 909 congruant,
585 831 719 890 dubitari
747 829 862 905 nequit.
909 828 1017 904 Itaque
1049 847 1084 886 ex
1108 827 1185 888 libro

58 921 192 999 integro,
217 939 278 997 quo
301 925 455 996 excerptor
479 939 552 980 usus
584 923 639 993 est,
672 939 737 980 eam
760 919 792 976 in
815 918 996 996 florilegium
1028 935 1100 977 casu
1124 935 1186 977 esse

59 1013 250 1086 assumptam
274 1010 488 1073 existimamus,

153 1099 311 1160 Praeterea
338 1099 369 1159 in
399 1100 501 1160 eodem
531 1099 608 1159 libro
640 1116 744 1158 versus
777 1096 831 1168 IV,
868 1102 895 1170 1,
930 1101 971 1161 39
996 1114 1062 1171 sqq.
1094 1114 1186 1171 prave

60 1190 151 1248 erant
174 1189 327 1261 collocati;
359 1208 414 1248 cur
437 1189 516 1248 enim
540 1187 705 1263 excerptori
728 1185 941 1262 transponendi
969 1184 1094 1255 fuerint,
1128 1202 1205 1267 non·

59 1277 263 1356 intellegitur,
294 1297 392 1353 neque
415 1279 452 1337 de
475 1277 676 1338 recentiorum
698 1276 891 1336 librariorum
910 1273 1080 1334 temeritate
1104 1273 1188 1351 cogi·

59 1371 130 1427 tare
162 1386 330 1444 possumus.
386 1367 516 1426 Videtur
547 1369 650 1426 autem
680 1366 734 1424 illa
764 1383 908 1424 versuum
940 1363 1096 1440 dispositio
1119 1362 1188 1423 inde

61 1459 138 1516 nata
161 1475 224 1516 esse
247 1458 327 1533 quod
350 1457 449 1516 scriba
472 1456 541 1516 libri
566 1455 704 1526 alicuius,
737 1474 807 1515 cum
836 1453 932 1513 oculis
955 1473 973 1511 a
995 1452 1094 1528 priore
1117 1472 1187 1527 par-

61 1546 160 1606 ticula
186 1545 303 1621 „Nam“
330 1548 372 1622 (v.
387 1546 442 1627 39)
468 1546 505 1604 ad
527 1545 723 1621 posteriorem
747 1542 790 1622 (v.
805 1544 860 1624 45)
886 1542 1096 1612 aberravisset,
1120 1544 1188 1617 post

62 1654 188 1695 versum
211 1641 251 1700 47
278 1655 312 1694 ea
347 1654 425 1711 quae
459 1634 717 1710 praetermiserat,
751 1632 993 1708 transpositionis
1025 1632 1111 1709 signo
1134 1652 1187 1707 ap·

61 1725 163 1801 posito
186 1724 323 1798 inseruit,
348 1725 429 1801 quod
459 1725 577 1802 signum
606 1726 711 1799 postea
735 1744 752 1782 a
774 1722 905 1782 librariis
935 1721 1107 1798 neglectum
1131 1724 1187 1784 est.

62 1814 212 1874 Versibus
235 1833 305 1874 vero
330 1814 371 1874 sic
401 1813 591 1889 transpositis
614 1812 809 1887 interpolatio
832 1830 937 1870 versus
962 1816 1015 1882 39,
1048 1810 1100 1886 qui
1124 1809 1188 1886 ipse

62 1904 188 1964 videtur
211 1906 372 1978 corruptus
394 1902 498 1976 fuisse,
533 1921 626 1978 paene
656 1903 737 1962 facta
768 1903 813 1961 est
836 1900 1011 1974 necessaria,
1049 1904 1086 1958 ut
1108 1899 1189 1958 haud

62 1993 179 2052 iniuria
201 1993 232 2051 iu
255 1992 355 2053 codice
378 2012 414 2053 ex
438 2011 497 2069 quo
531 1994 670 2068 excerpta
702 1993 824 2066 sumpta
848 1991 930 2062 sunt,
963 1990 1019 2049 hoc
1042 1988 1189 2064 scriptum

63 2082 160 2142 fuisse
183 2080 358 2158 opinemur:
392 2081 455 2141 Nec
479 2080 638 2156 quisquam
669 2081 783 2140 maiora
806 2079 886 2158 gerit
908 2078 1052 2138 castrisue
1074 2078 1187 2138 forove.

156 2171 227 2230 Alia
257 2171 544 2246 interpolationem,
580 2189 656 2245 quas
690 2169 760 2229 libri
795 2169 878 2227 illius
913 2168 1026 2228 scribae
1055 2167 1190 2227 tribuere

65 2260 226 2336 possimus,
256 2260 387 2338 vestigia
410 2279 469 2319 non
492 2259 650 2337 indagavi3
687 2278 748 2334 qua
780 2259 816 2317 de
840 2276 930 2318 causa
953 2257 1085 2332 reliquas
1107 2256 1188 2316 flori·

64 2349 139 2428 legii
161 2349 302 2410 lectiones
326 2368 401 2426 quas
426 2351 463 2409 ab
487 2351 659 2424 excerptore
681 2369 739 2408 non
757 2367 818 2408 esse
841 2347 1037 2424 interpolatas
1060 2346 1188 2417 constat,

66 2441 189 2514 praeter
219 2439 326 2498 menda
357 2439 501 2498 nonnulla
524 2438 705 2513 scripturae,
739 2437 839 2513 qualia
869 2437 901 2494 in
931 2434 1037 2496 ceteris
1069 2454 1189 2511 quoque

67 2528 222 2588 codicibus
237 2528 430 2604 reperiuntur
445 2527 586 2604 plurima,
610 2527 733 2586 maximi
748 2526 838 2603 pretii
854 2544 916 2585 esse
940 2526 1027 2586 duco.
1074 2524 1187 2584 Tamen

66 2617 98 2676 in
123 2617 288 2676 Tibulliani
311 2617 405 2677 libelli
428 2617 498 2677 crisi
520 2616 686 2676 factitanda
719 2619 859 2692 excerpta
882 2614 1018 2674 Parisino
1041 2617 1129 2675 caute
1154 2633 1188 2674 ac

67 2707 192 2782 provide
224 2707 391 2767 adhibenda
426 2725 489 2766 esse
523 2710 662 2782 apparet;
698 2725 796 2781 neque
828 2705 956 2764 editores
989 2704 1063 2762 alias
1097 2723 1189 2779 quam

67 2815 144 2872 quas
167 2796 355 2874 integrorum
378 2795 513 2856 codicum
537 2795 694 2871 scripturis
728 2795 905 2854 antecellere
928 2811 1014 2853 nemo
1038 2811 1098 2852 non
1121 2812 1188 2867 per-

66 2885 167 2960 spicit,
199 2885 340 2946 lectiones
369 2885 401 2943 in
431 2887 549 2944 textum
579 2886 766 2960 receperunt,
800 2886 961 2960 antequam
980 2882 1189 2942 'Baehrensius

66 2974 153 3033 aliud
175 2974 272 3050 poesis
288 2994 357 3034 vere
373 2974 561 3033 Tibullianae
584 2973 771 3050 indagandae
794 2973 901 3033 attulit
917 2971 1096 3031 subsidium.
1130 2970 1188 3030 Sed

66 3064 104 3122 de
126 3063 184 3123 hac
206 3084 238 3123 re
260 3063 353 3123 tertio
376 3063 473 3140 capite
496 3062 726 3138 disputabimus.
774 3062 863 3121 Nunc
894 3061 967 3137 quid
990 3061 1026 3120 de
1049 3059 1188 3138 florilegii

66 3151 176 3212 Gallici
200 3171 269 3213 oum
284 3152 527 3231 Frisingensibus
550 3152 780 3230 fragmentoque
792 3151 954 3211 Ouiaciano
970 3148 1189 3210 necessitudine

66 3241 170 3319 colligi
192 3241 296 3317 possit,
320 3242 485 3301 videamus.

156 3330 271 3390 Verum
287 3331 375 3406 pauci
392 3333 497 3391 extant
512 3349 616 3390 versus
629 3329 740 3405 quibus
764 3329 836 3389 haec
859 3329 938 3388 inter
961 3347 992 3388 se
1016 3347 1189 3404 comparare

65 3421 166 3482 liceat.
213 3420 416 3499 Frisingensia
440 3420 560 3496 quidem
584 3421 723 3495 excerpta
746 3419 847 3478 decem
876 3420 997 3476 tantum
1020 3420 1189 3493 suppetunt

65 3509 149 3583 locis,
167 3509 228 3569 ubi
251 3509 385 3568 Parisino
408 3528 467 3568 non
491 3509 633 3568 videntur
656 3508 838 3582 interpolata
870 3510 907 3566 ab
932 3510 1103 3582 excerptore
1127 3510 1189 3583 (eos

65 3599 148 3660 enim
171 3617 276 3659 versus
300 3617 375 3674 quos
398 3617 498 3658 omnes
514 3598 591 3680 'libri
612 3597 775 3657 Tibulliani
797 3598 879 3657 recte
904 3597 1054 3667 exhibent,
1078 3597 1134 3656 hac
1157 3597 1189 3655 in

65 3686 244 3766 quaestione
258 3691 360 3748 nostro
375 3687 442 3747 iure
454 3687 751 3764 praetermittimus);
780 3685 941 3762 quinquies
954 3688 1059 3745 contra
1076 3690 1189 3746 ceteros

66 3777 183 3837 codices
206 3777 286 3836 inter
308 3796 339 3836 se
362 3781 536 3855 congruunt
565 3777 712 3853 florilegio
737 3772 775 3855 (I,
804 3783 831 3846 l,
858 3780 886 3839 2.
914 3780 942 3839 5.
969 3779 1010 3838 34
1036 3773 1117 3855 [Par.
1143 3774 1188 3856 p]

68 3872 120 3931 71.
144 3865 203 3941 ΙΙΙ,
229 3871 258 3938 6,
283 3871 326 3930 44
351 3868 518 3942 [cavere]);
551 3865 597 3925 bis
625 3866 656 3923 in
689 3864 836 3940 excerptis
859 3863 1001 3922 Parisinis
1034 3883 1189 3924 unacum

66 3955 221 4015 codicibus
238 3957 343 4015 contra
359 3955 559 4034 Frieingensia
582 3957 740 4030 peccatum
764 3957 809 4013 est
833 3952 868 4032 (I,
897 3958 924 4021 l,
950 3958 991 4017 25
1016 3973 1076 4028 quo
1100 3972 1189 4013 versu

66 4044 143 4120 quin
174 4044 206 4102 in
233 4044 333 4104 codice
365 4062 398 4103 eo
424 4045 504 4103 unde
536 4044 718 4121 florilegium
748 4042 899 4103 Gallicum
930 4042 1101 4102 derivatum
1134 4047 1188 4118 est,

64 4134 156 4194 lectio
193 4138 352 4208 ,possum“
386 4133 536 4207 extiterit,
568 4152 654 4192 nemo
689 4132 857 4206 dubitabit,
892 4133 922 4189 et
945 4131 970 4203 Ι,
997 4138 1026 4203 3,
1052 4136 1112 4204 86,
1135 4134 1190 4192 ubi

65 4224 131 4282 sola
154 4222 357 4300 Frisingensia
391 4242 497 4282 verum
527 4224 672 4299 praebent
697 4219 838 4300 „colu“);
870 4221 960 4280 semel
983 4221 1190 4281 Parisinorum

994 4326 1030 4379 2*
