2946 5026
746 360 966 418 ..42-

293 535 400 592 tennes
422 533 512 592 <lonso
535 532 653 609 peotine
675 535 762 593 noete
785 552 883 593 eomas
908 567 937 578 -·
958 535 1065 593 tenues
1080 534 1170 593 denso
1193 535 1312 609 pectere
1328 533 1419 593 dente

294 640 391 682 eomas
415 620 449 684 0.
485 620 543 693 111,
569 628 599 694 4,
626 627 683 687 66:
709 622 811 698 potuit
837 657 876 666 -
901 623 1004 682 docuit
1028 621 1061 682 Ο.

384 709 492 770 Omnes
522 711 584 770 fere
614 712 727 772 oodioes
760 714 872 771 eeteros
902 712 1012 788 passim
1045 732 1099 788 par
1128 711 1327 772 bibliothecas
1356 712 1417 770 dis-

294 819 405 876 pensos,
430 800 520 860 sicuti
542 801 796 861 Lachmannianos
818 801 929 876 partim
953 821 988 860 ex
1012 801 1220 874 Ambrosiam,
1244 801 1359 877 partim
1383 821 1418 861 ex

294 890 439 949 Vaticano
472 910 525 966 per
557 891 656 950 varios
680 891 791 968 gradus
814 890 945 963 fluxisse,
970 891 1066 967 magis
1089 890 1246 966 magisque
1270 891 1417 968 gliscente

280 983 325 1039 *et
340 979 570 1055 interpolatione
586 982 616 1039 et
631 979 853 1054 depravatione,
875 979 1023 1039 Aemilius
1038 978 1237 1039 Baehrensius
1251 979 1283 1036 in
1300 980 1416 1056 proleg.

294 1089 344 1147 pg.
368 1067 412 1127 IX
439 1072 587 1142 testatur,
618 1087 729 1144 pauoos
758 1087 792 1127 ex
816 1068 910 1127 altera
933 1068 1048 1127 familia
1071 1071 1156 1127 natos
1180 1087 1291 1143 eosque
1314 1087 1417 1127 omnes

294 1157 492 1217 multifariam
520 1158 604 1217 novis
635 1158 917 1234 interpolationibus
947 1178 981 1216 ex
1010 1159 1103 1232 stirpe
1125 1158 1153 1215 Y
1181 1158 1280 1217 ductis
1312 1157 1417 1233 inqui·

293 1251 380 1306 natos
413 1251 513 1307 extare
544 1248 635 1320 dicit,
666 1248 712 1306 ita
743 1250 779 1306 ut
806 1248 887 1305 solus
911 1246 1182 1323 Guelferbytanus,
1213 1266 1247 1306 ex
1280 1266 1341 1322 quo
1370 1246 1416 1304 illi

293 1336 434 1412 descripti
458 1337 517 1395 sint
541 1336 636 1395 altera
659 1357 751 1395 manu
775 1336 948 1396 oorreotoris
971 1336 1032 1395 iam
1055 1336 1176 1405 addita,
1204 1336 1236 1394 in
1270 1336 1341 1395 orisi
1364 1335 1416 1392 Ti·

292 1425 428 1485 bulliana
451 1428 570 1501 praeter
592 1425 621 1483 A
644 1429 674 1484 et
698 1426 725 1482 V
749 1426 856 1485 debeat
880 1425 1024 1485 adhiberi.

381 1513 446 1572 Iam
480 1515 577 1592 igitur
607 1515 642 1574 de
676 1518 731 1575 hoo
766 1515 865 1574 oodioe
899 1515 1045 1592 singulari
1080 1514 1234 1574 videamus
1265 1511 1340 1589 quid
1375 1512 1415 1570 sit

276 1660 279 1664 Α
294 1604 497 1662 statuendum.
