2946 5026
629 288 848 348 ,50-

348 482 388 536 11.
420 482 463 538 De
481 481 634 552 utriusque
652 481 782 539 familiae
801 484 832 538 X
849 483 880 539 et
897 483 923 538 Y
941 482 1129 540 auianum.

265 611 309 671 De
333 611 517 671 familiarum
541 613 723 673 auctoritate
746 616 894 689 quantum
913 633 948 673 ex
968 613 1131 672 lectionum
1147 613 1304 672 variarum

180 701 401 776 comparatione
434 720 525 777 supra
547 702 691 761 instituta
714 702 816 780 colligi
840 704 956 777 potest,
990 703 1082 762 codex
1104 701 1157 761 ille
1181 721 1218 760 ex
1243 721 1302 778 quo

178 789 437 866 Guelferbytanus
460 789 606 864 manavit,
632 812 647 850 e
670 811 763 850 manu
787 791 914 850 hominis
937 791 1059 869 linguae
1082 791 1196 850 latinae
1220 791 1302 851 haud

176 879 310 954 imperiti
334 879 485 955 profectus
510 883 572 951 est,
605 881 731 940 alterius
756 884 855 939 autem
880 880 1011 940 familiae
1034 880 1104 940 libri
1128 900 1146 938 a
1169 880 1301 940 librariis

175 968 303 1028 indoctis
335 972 427 1045 atque
457 970 688 1047 neglegentibus
717 969 859 1046 descripti
886 972 967 1028 sunt.
1015 969 1079 1040 Quo
1103 969 1222 1029 factum
1247 972 1300 1040 est,

176 1060 212 1116 ut
237 1056 496 1134 Guelferbytanus
519 1058 666 1133 plurimas
689 1059 797 1118 codicis
822 1058 977 1134 archetypi
1001 1057 1025 1117 Ο
1049 1058 1201 1129 lectiones,
1227 1077 1301 1134 quas

176 1147 363 1222 reliquorum
398 1148 543 1207 librorum
579 1148 693 1207 scribae
727 1148 827 1206 minus
862 1152 942 1207 recte
977 1147 1180 1226 intelligentes
1220 1166 1300 1206 mero

177 1254 276 1295 errore
299 1236 362 1295 sive
385 1238 519 1297 socordia
542 1237 805 1310 transformabant,
830 1237 1005 1296 immutatas
1028 1239 1059 1296 et
1082 1237 1212 1297 intactas
1231 1255 1300 1312 pro·

177 1330 313 1402 pagaret.
354 1326 411 1385 Sed
431 1326 485 1385 ubi
507 1327 604 1386 maius
628 1326 792 1404 ingenium,
815 1325 861 1384 ibi
884 1326 980 1385 maius
1005 1325 1096 1384 etiam
1119 1325 1299 1386 temeritatis

179 1415 381 1492 audaciaeque
404 1415 605 1491 interpolandi
630 1415 809 1491 periculum.
857 1414 965 1491 Itaque
990 1433 1092 1475 omnes
1116 1434 1167 1474 eae
1190 1413 1298 1474 codicis

176 1501 200 1562 0
224 1503 365 1564 lectiones
389 1524 466 1580 quae
490 1505 553 1563 sive
577 1500 756 1579 corruptelis
780 1503 964 1563 deformatae
996 1503 1107 1563 litteris
1134 1522 1226 1563 sensu
1250 1523 1298 1562 ex·

94 1611 95 1615 ¹
175 1593 311 1668 pertibus
336 1595 528 1667 constabant,
561 1594 623 1653 sive
647 1595 770 1668 propter
793 1596 977 1652 vetustatem
1008 1593 1127 1651 omnino
1152 1593 1213 1670 legi
1240 1610 1296 1651 non

175 1684 331 1756 poterant,
363 1702 380 1740 a
408 1682 531 1742 librario
563 1682 695 1758 parentis
723 1680 954 1758 Guelferbytani
987 1681 1165 1743 coniecturis
1197 1681 1297 1758 eisque

175 1789 231 1829 non
257 1789 372 1847 semper
396 1772 516 1847 optimis
540 1773 704 1847 temptatae
728 1775 809 1843 sunt,
841 1790 912 1831 oum
935 1770 1048 1830 codices
1071 1770 1099 1827 A
1123 1775 1153 1829 at
1177 1770 1215 1844 V,
1248 1773 1297 1828 ut-

174 1862 244 1934 pote
268 1863 305 1919 ab
330 1860 500 1920 hominibus
524 1861 652 1921 indoctis
676 1865 730 1936 qui
752 1878 857 1919 versus
880 1860 1054 1937 intellegere
1077 1879 1184 1934 parum
1209 1879 1297 1918 oura-

174 1950 258 2020 bant,
284 1949 398 2009 exarati
420 1950 575 2025 archetypi
591 1950 698 2008 menda
714 1950 825 2008 maiore
842 1969 909 2008 cum
926 1948 983 2007 fide
999 1948 1118 2023 saepius
1133 1949 1297 2007 traderent.

175 2038 333 2113 Nusquam
356 2039 453 2116 igitur
482 2039 515 2097 in
539 2037 776 2122 Guelferbytano
805 2038 880 2097 tales
911 2037 1045 2098 invenies
1074 2037 1258 2115 scripturas:
1274 2038 1297 2113 ¹)

206 2198 231 2269 Ι,
258 2203 287 2270 5,
316 2203 373 2262 16:
398 2218 495 2257 creme
518 2197 555 2269 A,
582 2198 709 2280 (chreme
733 2197 773 2272 V)
796 2233 835 2241 —
856 2197 967 2258 circum
994 2187 1077 2257 G-¹
1094 2198 1205 2258 triviae
1229 2199 1295 2259 edd.

174 2313 231 2384 ΙΙΙ,
258 2320 287 2387 4,
313 2319 372 2377 47ε
397 2314 506 2390 cuique
530 2311 587 2370 AV
611 2349 652 2356 -
677 2313 823 2389 cuiusque
848 2312 873 2372 G
901 2348 935 2357 -
963 2313 1099 2404 aerique,
1125 2315 1189 2373 edd.

174 2430 228 2501 IV,
257 2435 285 2500 1,
313 2434 394 2492 1110:
420 2429 532 2503 arpinis
556 2428 613 2485 AV
643 2463 677 2471 -
703 2428 810 2503 alpinis
834 2426 860 2486 G
887 2463 925 2472 -
956 2427 1090 2503 arupinis
1114 2428 1148 2486 F.

259 2526 285 2589 l,
315 2524 393 2583 113:
417 2519 576 2576 renoverat
588 2517 644 2574 AV
662 2551 697 2560 —
712 2515 944 2576 revocaveratG
961 2551 995 2560 -
1011 2520 1217 2588 renovaverat,
1232 2518 1298 2582 edd.

257 2615 283 2678 1,
313 2612 391 2671 139:
417 2609 529 2666 tetereo
553 2606 611 2664 AV
636 2641 676 2650 —
701 2606 829 2665 threicio
854 2604 879 2664 G
904 2641 944 2650 -
969 2605 1100 2676 theraeo,
1126 2606 1190 2665 edd.

263 2766 369 2841 Neque
400 2767 559 2840 corruptae
590 2766 687 2824 solum
714 2765 822 2823 codicis
847 2762 871 2822 O
896 2764 1036 2824 lectiones
1059 2765 1089 2822 in
1115 2764 1297 2844 Guelferby-

173 2855 237 2914 tani
268 2858 391 2930 parente
422 2853 652 2912 transformatae
680 2856 782 2927 erant,
814 2855 865 2914 sed
890 2853 980 2912 eliam
1004 2854 1135 2929 optimae
1157 2873 1298 2914 nonnun-

175 2964 264 3020 quam
296 2942 462 3018 scripturae
491 2943 558 3002 aliis
591 2942 723 3002 eiusdem
746 2944 796 3003 vel
825 2943 931 3002 similis
962 2943 1187 3021 significationis
1212 2952 1299 3005 erant

174 3036 319 3104 mutatae,
345 3033 446 3091 velut:

207 3176 232 3247 I,
258 3181 288 3247 4,
315 3181 372 3240 22:
397 3175 463 3234 loca
486 3193 604 3234 summa
628 3173 654 3233 G
682 3208 717 3217 -
744 3173 823 3234 freta
846 3192 963 3232 summa
985 3173 1021 3234 Y.

256 3270 286 3334 8,
312 3270 372 3329 60:
398 3264 499 3323 sonitu
523 3262 549 3322 G
577 3298 612 3307 -
641 3263 771 3338 strepitu
795 3263 829 3321 Y.
945 3311 949 3320 .

256 3358 286 3426 2,
315 3359 369 3417 14:
394 3352 525 3428 plurima
549 3351 574 3410 G
600 3387 640 3396 -
664 3351 770 3410 florida
792 3351 828 3414 Y.

188 3469 229 3540 ΙΙ,
258 3476 285 3542 1,
315 3474 370 3533 18:
395 3469 495 3528 tollite
519 3467 544 3526 G
572 3499 609 3508 -
635 3467 738 3543 pellite
761 3466 797 3524 Y.

258 3564 287 3631 3,
336 3563 374 3622 8:
400 3557 521 3618 colenda
545 3556 570 3615 G
597 3591 633 3599 -
661 3556 784 3615 serenda
807 3555 862 3613 Y..

257 3653 286 3719 6,
336 3652 371 3711 6:
397 3647 495 3705 lustra
519 3645 545 3704 G
570 3679 609 3688 -
636 3645 722 3723 signa
744 3645 781 3703 Y.

258 3739 288 3808 t,
314 3741 372 3800 28:
397 3736 475 3794 bella
499 3735 601 3810 puella
618 3733 643 3793 G
661 3771 700 3779 —
720 3735 796 3793 dura
819 3732 961 3810 puellaY
986 3732 1099 3809 (confer
1113 3731 1170 3806 ΙΙΙ,
1188 3737 1219 3804 4,
1238 3737 1293 3796 52;

396 3825 476 3885 bella
499 3824 624 3900 puella.)

173 4127 187 4179 7
216 4125 233 4178 8
264 4053 409 4180 llqfflnfer
433 4053 521 4108 etiam
544 4053 565 4117 I,
584 4053 609 4117 3,
630 4051 672 4106 38.
692 4052 735 4106 50.
755 4052 780 4115 4,
800 4051 842 4106 29.
862 4049 887 4117 8,
907 4050 949 4103 51.
968 4051 1003 4116 Π,
1023 4049 1047 4115 3,
1068 4049 1109 4104 63.
1130 4051 1154 4115 6,
1174 4050 1217 4104 46.
1245 4050 1293 4114 IV,

190 4168 197 4193 ,
252 4144 268 4180 a
292 4144 330 4180 as.
