2946 5026
633 440 829 500 -.6-

124 623 126 627 ‘
171 613 263 672 ceteri
292 612 405 672 codices
437 612 578 672 exhibent
604 616 741 687 ‚,suam“‚
774 634 851 690 qnae
884 614 972 673 lectio
996 633 1091 688 squam
1115 613 1220 689 inepta
1244 613 1290 686 sit,

173 703 240 761 inde
264 704 397 778 apparet,
423 702 504 777 quod
527 703 582 761 hoc
606 702 735 762 carmine
759 705 885 779 loquens
908 703 1035 779 fingitur
1059 701 1202 778 Sulpicia.

260 791 314 863 IV,
341 796 370 863 9,
397 796 414 854 2
439 791 469 848 in
493 790 577 851 libris
601 792 710 850 nostris
734 793 883 851 traditur:

316 881 419 939 Natali
443 880 554 939 Romae
578 900 637 939 non
660 881 737 940 sinet
760 881 822 960 (vel
848 880 973 959 ‚‚sinit“)
999 900 1060 940 esse
1084 884 1148 950 tac,

173 989 265 1044 quam
296 971 453 1029 lectionem
484 989 564 1033 mero
597 989 694 1030 errore
726 991 761 1029 ex
793 971 899 1030 ultimo
931 971 1068 1030 carminis
1093 971 1294 1029 antecedentis

173 1077 280 1117 versu:

400 1147 535 1207 Arbitrio
560 1147 702 1222 quoniam
725 1167 782 1206 non
807 1149 879 1208 sinis
903 1167 966 1208 esse
989 1167 1054 1208 meo

174 1238 234 1296 huc
258 1238 434 1296 translatam
459 1256 520 1296 esse
544 1241 678 1312 apparet.
704 1238 799 1313 Fpro
826 1258 904 1312 „non
921 1238 1016 1298 sinet“
1044 1238 1156 1312 optime
1171 1239 1296 1312 praebet

177 1327 255 1400 „iam
279 1327 381 1390 licet“.
431 1325 487 1385 Sed
510 1346 547 1385 ne
579 1327 610 1383 in
639 1327 694 1385 hac
719 1327 840 1402 quidem
871 1329 1044 1386 membrana
1074 1327 1188 1401 optima
1212 1329 1296 1385 totus

173 1433 278 1474 versus
309 1416 442 1474 intactus
473 1416 552 1474 tradi
584 1415 658 1472 mihi
681 1416 810 1475 ridetur.
865 1417 944 1474 Nam
975 1415 1124 1491 Sulpiciae
1158 1415 1297 1490 epistolia

176 1504 230 1574 IV,
257 1509 275 1568 8
301 1508 331 1564 et
356 1510 373 1568 9
407 1523 466 1562 non
497 1506 533 1564 de
557 1504 706 1575 Corinthi,
738 1506 789 1564 sed
812 1507 848 1564 de
871 1507 965 1581 ipsius
989 1506 1108 1580 puellae
1132 1505 1178 1563 die
1202 1505 1298 1563 natali

69 1637 73 1645 .
174 1593 285 1669 scripta
309 1612 371 1653 esse
395 1591 570 1672 existim01).
618 1594 723 1668 Neque
756 1595 834 1652 enim
865 1596 900 1653 de
933 1594 1021 1654 amici
1051 1595 1099 1653 die
1121 1595 1199 1652 illud
1227 1593 1297 1668 „ln-

174 1683 256 1742 risus
280 1683 409 1742 natalis“
436 1683 466 1740 in
490 1704 517 1742 v.
543 1688 572 1753 8,
600 1690 615 1746 1
641 1687 823 1758 usurpatum
843 1685 964 1743 ridetur
989 1705 1005 1742 a
1029 1684 1130 1759 puelle
1154 1683 1297 1742 amantis·

174 1773 257 1842 sima,
283 1773 394 1847 optime
427 1775 529 1831 autem
558 1772 588 1829 in
612 1772 706 1847 ipsius
729 1774 860 1832 natalem
884 1775 1027 1849 quadrat,
1057 1792 1147 1849 quem
1171 1773 1298 1832 Messala

174 1862 301 1919 nimium
333 1861 483 1936 Sulpiciae
515 1861 669 1920 studiosus
701 1866 742 1937 (v.
769 1867 802 1933 8,
830 1863 861 1944 5)
895 1863 926 1920 in
958 1862 1032 1921 villa
1067 1881 1122 1921 sua
1154 1862 1298 1921 Arretina

176 1951 326 2010 celebrare
357 1951 519 2028 cogitabat.
576 1949 687 2020 Quodsi
717 1971 745 2009 v.
771 1957 804 2022 9,
831 1957 848 2015 2
888 1955 981 2026 „tu0“
1017 1951 1093 2010 illud
1124 1952 1156 2008 in
1191 1954 1296 2025 „meo“

176 2041 475 2112 commutaverim,
510 2060 547 2098 ne
578 2058 683 2098 versus
714 2044 872 2115 sequentes
904 2041 1038 2117 quidem,
1065 2045 1082 2103 3
1108 2043 1138 2099 et
1162 2046 1197 2111 4,
1223 2059 1299 2115 quos

176 2129 374 2188 Baehrensius
399 2129 512 2188 frustra
536 2129 691 2187 emendare
716 2134 840 2189 conatus
864 2133 917 2200 est,
943 2130 1036 2188 ullam
1058 2130 1118 2188 iarn
1142 2130 1299 2191 habebunt

175 2218 375 2280 offensionem.
1288 2228 1289 2233 ’

265 2307 321 2366 His
354 2307 495 2382 exemplis
528 2326 607 2383 quae
643 2307 708 2366 aliis
744 2309 836 2367 etiam
871 2310 998 2383 possunt
1034 2307 1155 2384 augeri,
1185 2327 1299 2382 paucas

180 2397 321 2456 lectiones
345 2418 380 2456 ex
404 2397 498 2455 altero
514 2396 712 2471 Priapeorum
727 2397 968 2457 Tibullianorum
993 2397 1085 2475 (inter
1101 2396 1229 2471 Priapea
1242 2400 1298 2473 83)

179 2488 332 2562 excerptas
366 2486 508 2558 adiciam,
539 2489 576 2544 ut
612 2489 725 2560 quanto
756 2486 918 2564 fragmenti
943 2487 966 2544 F
1000 2486 1167 2560 scripturae
1191 2486 1222 2543 in
1246 2486 1302 2544 hac

177 2595 298 2652 quoqne
321 2579 407 2651 parte
423 2576 530 2634 ceteris
545 2575 631 2635 libris
648 2576 846 2650 Bruxellensi,
871 2576 1046 2648 Harleiano,
1071 2575 1302 2634 Monacensibus

177 2665 399 2740 anteponendas
423 2665 492 2735 sint,
516 2665 611 2740 possit
635 2665 779 2741 intellegi.

266 2754 367 2829 Priap.
394 2757 446 2827 83,
473 2759 490 2818 9
515 2753 539 2811 F
563 2773 642 2813 unus
666 2754 801 2813 exhibet:

196 2910 198 2914 ¹
424 2843 476 2916 At,
501 2863 518 2902 o
541 2843 672 2919 tripallo,
697 2832 783 2919 saepe
807 2843 931 2903 floribus
955 2844 1050 2913 novis

178 2933 270 2992 ceteri
294 2953 329 2991 ex
353 2953 381 2991 v.
408 2938 426 2996 6
453 2932 593 3008 „priape“
620 2932 815 3007 repetierunt.

266 3042 295 3080 v.
325 3026 362 3086 16
387 3022 428 3079 F:
453 3022 582 3097 pallidus
598 3021 670 3092 situ,
696 3023 802 3081 ceteri:
831 3022 974 3097 „callidus
990 3022 1071 3080 situl
1098 3021 1146 3080 vel
1166 3039 1302 3094 „semper

178 3111 364 3188 squalidus“.

267 3220 297 3258 v.
326 3205 363 3264 17
389 3219 433 3276 sq.
458 3200 482 3257 F
506 3219 584 3258 unus
607 3203 688 3259 recte
712 3202 852 3275 praebet:

436 3289 584 3364 Canisque
608 3307 696 3348 saeva
719 3308 831 3365 susque
854 3289 953 3366 ligneo
977 3289 1034 3348 tibi

437 3378 569 3437 Lutosus
593 3378 753 3437 adfricabit
777 3378 906 3437 oblitum
930 3379 1021 3451 latus,

180 3469 271 3528 ceteri
301 3486 402 3527 omnes
434 3467 602 3526 foedissime
633 3467 807 3542 interpolati
843 3468 941 3526 varias
971 3467 1112 3526 exhibent
1141 3466 1301 3525 lectiones:

184 3555 329 3632 „Oanisve
362 3576 450 3615 sevus
482 3557 600 3615 lutosus
633 3557 792 3616 adfricabit
825 3558 955 3617 oblitum
985 3557 1084 3614 latus“
1118 3555 1166 3614 vel
1194 3555 1302 3629 „Oanis

181 3666 287 3706 saevus
319 3666 415 3721 usque
443 3647 576 3724 mingere
609 3648 664 3703 aut
695 3646 752 3705 tibi
776 3646 909 3706 Fricabit
940 3646 1096 3721 obliquum
1126 3645 1207 3703 latus
1231 3665 1303 3720 aper

181 3737 319 3795 lutosus“
352 3736 400 3795 vel
433 3735 523 3794 etiam
559 3733 703 3808 „Oanisve
727 3754 815 3794 sevus
846 3735 1005 3794 fabricabit
1035 3734 1164 3794 oblitum
1187 3734 1300 3793 latns“.

270 3845 298 3883 v.
326 3829 366 3888 28
391 3825 482 3884 codex
504 3824 528 3882 F
552 3824 633 3882 solus
658 3824 786 3895 exhibet,
811 3824 902 3885 ceteri
926 3824 1082 3883 omittunt.

270 3934 299 3973 v.
325 3919 365 3977 42
390 3914 421 3972 in
445 3914 468 3971 F
493 3917 647 3971 exaratum
674 3917 736 3972 est:

448 4002 577 4080 Rigente
598 4021 709 4061 nervus
733 4004 859 4062 excubet
881 4002 1025 4073 lubidine,

182 4288 195 4344 t
271 4210 304 4342 lt
318 4213 417 4270 Confer
439 4214 487 4280 IV,
506 4215 531 4279 6,
551 4215 625 4285 quod
643 4232 755 4271 carmen
773 4214 807 4271 de
826 4214 923 4271 eodem
940 4215 1052 4288 puellae
1064 4214 1155 4270 natali
1168 4215 1291 4288 composi

197 4305 243 4340 um
261 4303 312 4342 es.
