2946 5026
757 465 974 524 ,58-

305 636 473 697 mutatione
495 641 616 714 recepta
639 638 874 708 commendavit,
911 638 961 696 illo
986 639 1066 696 certe
1089 637 1165 698 vitio
1189 639 1281 697 caret.
1330 635 1427 694 Versu

306 727 384 785 enim
408 727 548 786 vicesimo
572 727 677 802 quinto
701 727 744 786 ita
768 727 915 787 formato:
943 726 1026 800 „Iam
1048 726 1122 784 mihi
1145 727 1205 785 iam
1221 726 1335 802 possim
1360 745 1425 785 con-

305 808 425 875 tentus“
454 837 478 875 e.
504 837 532 891 q.
557 835 601 892 sq.
626 817 703 892 duae
726 817 796 875 illae
820 817 985 876 sententiae
1018 835 1094 891 quaa
1124 816 1261 875 versibus
1287 821 1305 879 5
1332 817 1363 873 et
1386 819 1424 878 ‘26

306 905 516 964 continentur:
544 906 611 980 „Me
634 926 700 965 mea
723 909 885 981 paupertas
910 905 974 964 vita
993 905 1136 964 traducat
1150 905 1262 977 inerti“⁸
1288 905 1320 963 et
1347 903 1425 978 „Nec

305 994 414 1069 possim
438 995 544 1072 longae
567 994 685 1054 deditus
710 1012 771 1054 esse
796 995 894 1065 viae“,
920 1012 994 1069 quas
1026 994 1174 1069 particula
1202 994 1294 1067 „dum
1318 993 1422 1052 m0d0“

305 1082 384 1142 inter
416 1101 447 1142 se
480 1103 539 1143 non
562 1102 646 1160 posse
677 1083 790 1143 conecti
822 1102 913 1159 supra
944 1083 1081 1143 docuisse
1104 1083 1176 1140 mihi
1201 1082 1323 1154 videor,
1348 1083 1425 1141 recte

305 1171 522 1249 disiunguntur
554 1174 598 1232 ita
630 1177 667 1232 ut
700 1172 793 1232 altero
824 1173 956 1232 disticho
986 1172 1065 1230 idern
1096 1172 1176 1247 quod
1207 1171 1307 1247 priore
1339 1173 1425 1247 poeta

306 1261 532 1333 enuntiaverat,
565 1262 664 1321 verbis
696 1262 822 1322 mutatis
853 1265 958 1320 votum
990 1264 1157 1336 repetatur.
1209 1259 1317 1336 Neque
1350 1279 1425 1336 quae

262 1404 270 1413 ,
304 1349 503 1409 Baehrensius
533 1351 603 1411 huic
635 1352 821 1411 coniecturae
852 1351 961 1410 obiecit
984 1350 1085 1427 magni
1109 1349 1244 1409 facienda
1266 1349 1424 1419 videntur;

305 1439 457 1498 contendit
480 1440 558 1499 enim
582 1440 708 1500 viriste
731 1441 837 1499 doctus
860 1460 897 1499 ne
921 1439 963 1498 sic
987 1439 1109 1514 quidem
1139 1439 1170 1497 id
1194 1438 1276 1513 quod
1299 1438 1426 1496 Mueller

304 1528 336 1586 in
359 1528 596 1605 Frisingensium
624 1530 773 1606 scriptura
806 1528 979 1599 offenderit,
1012 1547 1074 1587 esse
1106 1528 1280 1598 sublatum,
1315 1527 1427 1586 scilicet

305 1618 384 1693 quod
408 1617 546 1677 Tibullus
570 1621 606 1677 ut
629 1619 685 1677 sibi
709 1619 812 1678 liceret
836 1620 1011 1678 contentum
1034 1617 1136 1676 vivere
1159 1635 1267 1692 parvo,
1291 1616 1325 1673 in
1349 1615 1426 1675 votis

304 1707 414 1766 habere
437 1726 495 1765 nou
519 1709 685 1782 potuisset,
717 1708 859 1784 quoniam
882 1710 919 1766 ut
942 1706 997 1765 hoc
1021 1706 1047 1764 ei
1071 1705 1273 1782 contingeret,
1299 1724 1359 1764 non
1383 1705 1426 1762 al·

305 1795 400 1854 terius
423 1797 632 1856 benevolentia
655 1800 842 1873 potestasve,
875 1797 926 1855 sed
950 1796 1024 1853 nihil
1048 1795 1105 1854 nisi
1128 1795 1223 1870 ipsius
1247 1797 1356 1869 poetae
1379 1814 1426 1852 ar·

304 1884 430 1943 bitrium
454 1889 545 1961 atque
570 1890 651 1946 certa
675 1887 815 1946 voluntas
839 1904 914 1961 opus
938 1885 1055 1942 fuisset.
1102 1883 1159 1943 Sed
1182 1884 1254 1942 haec
1277 1883 1426 1942 sententia

305 1994 322 2032 a
345 1973 525 2032 Baehrensio
548 1975 613 2050 ipso
636 1975 794 2048 refellitur,
820 1994 889 2034 cum
911 1993 997 2032 suam
1021 1992 1125 2032 versus
1141 1972 1375 2044 restitutionem,
1396 1972 1425 2029 iu

305 2082 396 2137 quam
420 2064 522 2122 eadem
545 2064 598 2122 illa
621 2065 768 2140 quadrare
791 2065 897 2141 liquet,
921 2066 1001 2122 recte
1024 2063 1080 2122 hac
1102 2061 1352 2136 interpretatione
1375 2062 1424 2120 de·

262 2222 264 2227 s
306 2151 423 2210 fendat:
456 2153 529 2210 dum
560 2154 647 2212 modo
676 2173 729 2228 per
752 2156 962 2229 paupertatem
986 2169 1089 2211 securo
1114 2151 1215 2210 vivere
1238 2151 1313 2208 mihi
1336 2150 1425 2210 liceat

306 2237 454 2320 („wofern
476 2261 535 2300 nur
557 2243 653 2302 meina
676 2243 796 2302 armuth
821 2242 877 2302 frei
901 2242 940 2300 ist
964 2260 1023 2300 von
1047 2242 1189 2318 sorgen“)
1210 2239 1233 2321 ).

395 2346 491 2417 Quam
515 2351 617 2408 obrem
640 2349 777 2408 Muelleri
801 2368 904 2409 versus
929 2348 1165 2407 emendationem
1194 2364 1356 2422 possumus
1379 2365 1424 2405 ac-

305 2436 412 2512 cipere,
436 2438 493 2496 nisi
518 2439 583 2497 aliis
607 2439 818 2515 prohibeamur
841 2438 1018 2498 rationibus.

394 2525 451 2586 Sed
476 2527 535 2585 iam
565 2527 619 2586 hos
650 2546 754 2587 versus
785 2528 889 2586 missos
919 2526 1065 2586 faciamus
1097 2527 1127 2583 et
1150 2543 1224 2582 num
1247 2523 1278 2581 in
1302 2523 1424 2599 reliquis

304 2615 443 2674 carminis
466 2616 615 2675 iuncturis
639 2617 693 2675 hac
716 2616 913 2676 distichorum
936 2614 1112 2674 traiectione
1129 2614 1248 2688 recepta
1264 2631 1423 2672 concursus

305 2705 466 2763 verborum
489 2705 564 2765 levis
588 2709 679 2781 atque
703 2705 853 2765 dilucidus
878 2705 995 2775 evadat,
1021 2721 1211 2778 quaeramus.

392 2811 498 2870 Altera
531 2811 642 2890 elegiae
674 2811 867 2870 commissura
898 2812 981 2869 extat
1012 2813 1081 2867 ante
1112 2827 1233 2868 versum
1264 2807 1423 2883 septimum

304 2900 492 2976 apertissima
515 2904 545 2960 et
568 2900 755 2977 pravissima.
803 2898 881 2969 Quid
913 2900 991 2958 enim
1023 2898 1080 2957 sibi
1111 2899 1218 2957 volunt
1251 2915 1358 2957 versus
1381 2894 1421 2953 illi
1467 2958 1469 2963 ¹

304 2989 449 3136 qeptimus
481 2993 510 3048 et
533 2993 658 3049 octavus
683 2990 793 3066 quibus
817 2991 905 3064 poeta
928 2988 1077 3047 rusticum
1109 3006 1172 3046 sese
1194 2987 1337 3045 futurum
1360 3002 1421 3062 pro-

325 3079 410 3138 tetur
420 3099 427 3137 ε

465 3195 533 3272 Ipse
556 3214 651 3255 seram
675 3197 793 3253 teneras
817 3205 936 3252 maturo
960 3195 1094 3268 tempore
1117 3192 1194 3251 vites

465 3285 663 3344 Rusticus
687 3287 718 3343 et
740 3283 822 3342 facili
845 3283 970 3360 grandia
993 3301 1082 3357 poma
1105 3300 1206 3354 manu,

306 3400 378 3477 quid
402 3400 432 3458 hi
455 3400 513 3460 sibi
535 3401 653 3470 volunt,
677 3400 819 3474 inquam,
852 3399 878 3457 si
909 3398 970 3456 iam
1001 3417 1054 3473 per
1086 3399 1153 3456 octo
1177 3414 1282 3455 versus
1307 3399 1421 3456 antece·
1466 3388 1469 3445 l

304 3490 407 3549 dentes
430 3490 537 3549 rustici
567 3503 656 3564 opera
689 3492 781 3563 atque
804 3488 919 3547 labores
943 3505 1007 3546 sese
1036 3487 1212 3545 subiturum
1235 3485 1353 3545 dixerat
1376 3484 1422 3542 li·

305 3579 432 3638 bullus?
468 3579 581 3639 Hocine
604 3582 755 3654 postremo
779 3578 843 3637 loco
866 3578 986 3653 poetam
1002 3575 1136 3652 posuisse
1159 3575 1353 3646 arbitremur,
1377 3575 1419 3632 in-

396 3808 422 3876 1)
442 3809 521 3875 Quod
539 3808 701 3863 Protzenius
723 3809 800 3878 pg.9
820 3808 910 3862 libelli
929 3808 972 3861 sui
990 3806 1119 3862 Muelleri
1137 3805 1362 3860 emendationem
1381 3806 1426 3860 Ti·
1467 3846 1469 3853 .

305 3882 425 3937 bulliani
444 3881 577 3936 sermonis
602 3880 780 3949 simplicitati
805 3897 861 3933 non
886 3880 954 3933 satis
980 3883 1077 3948 aptam
1103 3895 1161 3933 esse
1185 3877 1269 3941 dicit,
1294 3878 1425 3945 quoniam

306 3955 417 4009 dativus
436 3953 485 4008 ille
504 3953 611 4008 ethicus
630 3951 679 4019 qui
698 3955 740 4005 est
762 3951 872 4015 „mihi“‚
891 3951 974 4004 nimis
994 3950 1148 4019 exquisitus
1168 3951 1253 4013 esset,
1273 3948 1325 4002 hoc
1344 3949 1427 4002 nihili

307 4030 357 4081 est.
395 4026 487 4093 Atque
515 4025 548 4078 de
576 4023 699 4078 eiusdem
723 4023 776 4077 viri
800 4023 875 4077 docti
894 4023 1024 4092 opinione
1046 4038 1147 4090 „parvo
1166 4022 1331 4074 contentum
1350 4019 1423 4076 esse“

306 4098 381 4152 idem
406 4097 499 4151 valere
525 4095 664 4150 censentis
690 4096 775 4162 atque
804 4095 848 4159 „in
867 4094 924 4148 otio
948 4094 1047 4164 opibus
1070 4092 1126 4146 frui
1144 4090 1275 4145 modicis“
1298 4109 1333 4146 ne
1352 4092 1427 4162 cogi·

306 4170 425 4223 tandum
452 4168 580 4236 quidem3
608 4183 752 4233 nunquam
780 4166 854 4220 enim
882 4165 1048 4219 vocabulum
1074 4161 1251 4228 „contentus“
1281 4164 1380 4218 eadem
1399 4163 1427 4218 vi

308 4259 364 4310 qua
382 4257 435 4295 vox
458 4242 555 4293 nostra
576 4237 739 4303 „aufriedem
759 4235 932 4307 ungestbrt“,
960 4236 1036 4305 apud
1061 4235 1250 4289 Romanorum
1278 4235 1426 4306 scriptores

306 4312 450 4368 invenitur
467 4309 634 4374 adhibitum,
652 4308 701 4363 sed
720 4325 784 4362 eum
801 4309 891 4362 solum
910 4307 1051 4378 significat
1068 4306 1117 4374 qui
1129 4306 1237 4374 aliquid
1249 4307 1319 4361 satis
1332 4307 1426 4363 habet.
