2946 5026
628 415 848 474 m12..
955 416 968 461 '.

179 587 252 647 Fuit
276 589 410 648 omnium
434 591 552 665 practer
566 589 760 648 Cuiacianum
774 589 980 667 fragmentum
997 589 1129 664 optimus
1154 591 1184 646 et
1200 607 1296 646 emen-

178 677 361 738 datissimus.
409 678 488 737 Nam
510 679 618 738 menda
640 679 817 754 scripturae,
850 699 926 754 quae
958 678 990 736 in
1023 677 1170 753 excerptis
1193 677 1296 751 depre-

179 767 336 826 hendimus
359 768 441 827 haud
465 787 571 843 pauca,
604 788 662 828 non
686 769 773 827 modo
805 768 836 826 in
859 768 911 826 illo
935 767 1022 837 libre,
1056 768 1106 827 sed
1135 787 1173 825 ne
1201 766 1234 824 in
1266 784 1296 824 eo

179 856 299 930 quidem
322 856 462 935 florilegii
486 858 646 933 exemplari
670 859 750 933 quod
776 877 811 916 ex
834 857 929 932 ipsius
953 857 1140 934 grammatici
1158 855 1296 914 manibus

178 946 346 1020 profectum
369 953 423 1020 est,
449 947 581 1006 extitisse
605 947 669 1006 veri
692 949 736 1006 est
760 946 960 1005 simillimum:
993 947 1068 1006 tales
1091 948 1171 1006 certe
1207 945 1296 1019 scrip·

177 1035 274 1108 turae,
307 1036 411 1111 quales
435 1038 506 1094 sunt
534 1036 703 1109 „confixus“
739 1054 793 1111 pro
820 1036 1000 1109 „confisus“‚
1037 1035 1170 1110 „credita
1202 1033 1293 1093 ratis“

177 1143 231 1199 pro
258 1125 371 1198 „credit
395 1125 506 1184 aratis“
534 1124 570 1202 (I,
597 1131 626 1199 9,
652 1130 703 1189 45.
728 1124 770 1196 ΙΙ,
789 1130 818 1196 6,
838 1129 904 1199 21),
930 1125 1004 1183 aliae
1028 1126 1065 1184 ab
1090 1126 1297 1199 excerptorum

179 1215 300 1272 auctore
323 1215 442 1291 neglegi
465 1233 524 1273 non
549 1217 724 1290 potuerunt,
750 1214 799 1272 sed
825 1234 841 1272 a
865 1215 1030 1290 posteriore
1054 1215 1174 1274 demum
1190 1211 1298 1272 codicis

179 1301 301 1361 librario
324 1303 458 1363 socordia
480 1303 666 1379 levitateque
688 1303 720 1361 in
744 1303 947 1380 Frisingensia
976 1305 1047 1363 sunt
1070 1304 1182 1362 illatae.
1232 1302 1298 1360 Duo

177 1391 251 1452 haec
273 1393 481 1452 tantummodo
512 1393 619 1452 menda
649 1393 709 1451 iam
741 1393 772 1451 in
805 1393 903 1452 codice
933 1393 984 1452 illo
1016 1393 1135 1470 integro
1164 1391 1298 1451 extitisse

179 1484 270 1558 atque
293 1483 361 1540 inde
384 1482 416 1540 in
439 1482 620 1572 florilegium
642 1481 796 1558 irrepsisse
820 1485 919 1557 potest
943 1482 1097 1542 contendi:

268 1570 309 1645 ΙΙ,
335 1575 365 1646 6,
391 1576 448 1635 22:

449 1658 522 1736 Spes
546 1660 636 1719 sulcis
660 1660 754 1719 credit
778 1660 871 1719 aratis

383 1748 502 1809 Semina
525 1769 602 1826 quae
625 1768 733 1827 magno
756 1750 857 1809 fenore
879 1749 1015 1808 reddit
1040 1768 1120 1826 ager,

177 1837 231 1897 ubi
254 1837 324 1897 libri
347 1839 442 1899 nostri
465 1842 545 1898 recte
562 1839 702 1898 exhibent
728 1840 870 1912 „reddat“
898 1842 929 1897 et
951 1838 1008 1912 III,
1035 1844 1064 1910 3,
1090 1842 1148 1901 22:
1178 1837 1296 1913 „gerit“

177 1945 231 2002 pro
258 1926 385 2005 „regit.“
424 1928 553 2004 Reliqua
569 1931 671 1988 autem
694 1928 810 1988 librarii
827 1947 925 1988 errore
949 1931 1051 1987 exorta
1067 1930 1139 1986 sunt
1164 1930 1194 1985 et
1209 1925 1298 1985 facile

179 2020 411 2093 cognoscuntur.
449 2017 515 2087 Qua
538 2018 574 2076 de
590 2037 680 2077 causa
695 2017 777 2076 haud
792 2017 905 2076 iniuria
920 2035 1068 2076 summam
1084 2015 1299 2076 auctoritatem

177 2104 414 2183 Frisingensium
446 2107 602 2183 scripturis
633 2107 692 2165 viri
724 2107 804 2166 docti
835 2107 1028 2179 tribuerunt3
1064 2107 1192 2164 maxime
1226 2124 1298 2164 vero

177 2195 296 2271 singula
324 2196 376 2254 illa
406 2197 553 2255 vocabula
577 2217 654 2272 quae
687 2215 722 2254 ex
751 2215 895 2256 versuum
918 2215 1032 2255 conexu
1060 2196 1161 2254 soluta
1193 2194 1224 2252 in
1248 2214 1298 2252 ex-

178 2284 287 2359 cerptis
311 2287 412 2344 extare
436 2285 665 2361 supradictum
690 2288 743 2357 est,
777 2285 856 2345 omni
881 2286 1072 2361 corruptione
1096 2303 1194 2344 vacua
1226 2286 1298 2342 sunt

177 2373 325 2432 ducenda:
350 2375 423 2435 baec
439 2375 517 2434 enim
541 2375 731 2450 potissimum
754 2396 771 2434 a
786 2375 916 2435 librariis
932 2375 1091 2452 diligenter
1107 2393 1169 2433 esse
1185 2373 1299 2448 scripta

176 2462 357 2539 minimeque
373 2464 543 2535 immutata,
560 2484 613 2539 per
628 2483 659 2522 se
674 2465 874 2542 intellegitur.
904 2463 1011 2545 Neque
1029 2463 1177 2523 sententia
1194 2466 1298 2522 nostra

176 2570 248 2610 voce
272 2571 349 2628 quae
373 2556 416 2612 est
443 2553 609 2628 „hamatis“
636 2573 665 2612 v.
690 2552 744 2626 IV,
770 2559 800 2624 3,
830 2558 868 2617 10
892 2556 991 2629 potest
1015 2553 1158 2613 refutari:
1184 2552 1298 2611 iniuria

177 2640 255 2699 enim
290 2641 414 2702 Luciani
450 2643 588 2701 Muelleri
624 2643 660 2702 de
697 2643 752 2701 hac
787 2643 937 2718 scriptura
972 2643 1151 2703 sententiam
1185 2641 1297 2701 reicere

128 2780 134 2788 ,
176 2733 301 2789 conatus
325 2734 370 2790 est
393 2731 578 2805 Protzenius,
611 2750 679 2791 cum
710 2732 902 2792 contenderet
933 2732 1042 2791 lineola
1065 2732 1118 2791 illa
1141 2731 1297 2790 vocalibus

176 2820 378 2896 superscripta
401 2840 556 2898 nunquam
578 2839 663 2896 posse
686 2821 858 2897 significari,
892 2821 1112 2897 producendam
1136 2839 1198 2880 esse
1233 2821 1297 2896 syl-

175 2909 287 2981 labam3
311 2909 402 2968 immo
417 2914 497 2969 recte
513 2910 694 2969 Muellerum
717 2910 793 2970 illud
810 2911 934 2969 sensisse
959 2932 994 2971 ex
1009 2911 1148 2987 plurimis
1173 2929 1296 2986 excerp-

175 3000 277 3057 torum
292 2999 529 3077 Frisingensium
553 2999 625 3059 locis
642 3017 717 3076 quos
739 2999 803 3075 ipse
825 2999 950 3075 inspexi,
975 3002 1109 3076 apparet.
1156 2998 1297 3074 Exempli

175 3088 273 3165 gratia
296 3089 417 3148 afferam
440 3089 508 3148 hos:
532 3088 563 3145 in
581 3087 735 3148 Claudiani
751 3089 897 3164 excerptis
914 3110 990 3164 quae
1006 3089 1184 3150 Tibullianis
1207 3107 1296 3163 prae·

176 3177 295 3251 cedunt,
324 3198 374 3255 pg.
403 3184 463 3243 117
495 3177 566 3237 libri
597 3179 680 3237 extat
707 3179 859 3252 „cnnuit,“
894 3182 925 3237 et
955 3180 985 3237 in
1011 3178 1121 3256 eelogis
1145 3178 1296 3237 Martialis

176 3286 252 3341 quae
275 3270 455 3342 sequuntur,
486 3286 537 3344 pg.
565 3271 625 3331 118
650 3287 714 3344 sqq.
747 3268 958 3344 reperiuntur:
998 3258 1130 3338 Gastdra,
1164 3257 1295 3341 dvidius,

71 3423 72 3426 q
174 3355 274 3432 unus
298 3355 368 3431 (ΠΙ,
395 3361 447 3431 55,
472 3360 516 3434 3),
541 3355 644 3430 Arata,
677 3347 778 3421 lutum
802 3356 872 3428 un,
898 3361 949 3432 ac,
975 3363 1020 3437 l),
1045 3357 1166 3428 serium,
1196 3354 1295 3420 soloas

176 3442 246 3524 (III,
272 3449 324 3516 50,
350 3448 393 3522 3),
418 3443 578 3524 drigarum
603 3446 691 3522 (miro
721 3446 836 3505 librarii
865 3465 973 3521 errore,
1005 3446 1046 3521 II,
1073 3451 1124 3517 50,
1150 3447 1194 3521 4),
1220 3456 1294 3522 copo

175 3530 245 3613 (III,
264 3539 315 3605 57,
336 3533 377 3613 l),
402 3537 556 3610 quatinus
573 3535 713 3610 putidula
730 3534 797 3612 (IV,
815 3540 866 3607 20,
885 3539 928 3613 4),
952 3546 1069 3601 ceroma
1093 3534 1158 3612 (IV,
1181 3540 1230 3605 19,
1251 3538 1293 3611 5),

174 3613 303 3694 sinttsiS,
327 3614 464 3689 Bdnonia
479 3625 533 3702 (II,
559 3628 610 3694 59,
639 3627 669 3701 l)
695 3628 750 3683 etc.
798 3624 914 3694 Quibus
933 3626 1005 3685 locis
1021 3624 1160 3684 omnibus
1183 3622 1294 3684 lineola

174 3713 223 3771 vel
245 3712 375 3772 circulus
398 3713 641 3774 semicirculnsve
664 3713 783 3773 litterae
807 3715 1029 3791 superscriptus
1053 3714 1091 3773 ad
1110 3713 1187 3771 nihil
1210 3713 1294 3772 aliud

173 3803 273 3878 potest
296 3802 454 3877 pertinere,
477 3804 536 3863 nisi
558 3802 595 3861 ad
618 3804 801 3879 syllabarum
825 3824 916 3880 quam
945 3804 1051 3864 dicunt
1074 3803 1292 3878 quantitatem3

175 3891 344 3967 quidquod
367 3892 487 3970 singula
509 3894 561 3952 illa
585 3893 730 3952 vocabula
753 3895 876 3969 propter
891 3894 985 3952 solam
1008 3895 1084 3953 hanc
1107 3892 1293 3968 syllabarum

173 3999 344 4040 mensuram
368 3983 405 4041 ab
429 3988 599 4060 excerptore
622 3981 751 4057 ascripta
774 4001 836 4042 esse
859 3983 1023 4043 videntur?
1062 3983 1293 4052 Quamobrem

173 4070 323 4146 scriptura
348 4070 545 4147 „bemmatis“
582 4071 863 4150 aFrisingensibus
885 4075 941 4133 'est
969 4071 1167 4134 abiudicanda
1200 4074 1292 4148 atque

177 4159 346 4236 „hamatis“
371 4161 541 4239 legendum.

262 4249 332 4310 Jam
354 4269 425 4311 vero
449 4253 523 4330 quid
555 4270 590 4312 ex
621 4250 724 4310 nostra
754 4251 904 4313 sententia
934 4253 1090 4328 sequatur,
1124 4250 1290 4317 videamus
