2946 5026
524 344 741 404 ,39-

70 519 151 586 sunt,
184 519 221 575 ut
251 534 336 576 nemo
369 516 443 592 quin
475 518 512 576 ab
544 516 663 577 homine
687 517 789 592 paullo
822 517 955 578 doctiore
988 517 1117 576 inveniri
1139 537 1193 594 po·

69 605 195 677 tuerint,
221 606 294 664 velit
317 606 474 666 dubitare:
499 605 529 663 in
553 624 737 682 unoquoque
771 606 850 665 enim
872 607 937 666 loco
962 609 991 666 et
1013 607 1192 667 mutationis

69 714 161 754 cause
178 697 301 771 apparet
317 698 347 754 et
369 715 446 770 quae
469 715 540 754 vera
564 702 655 770 atque
679 716 821 772 germana
844 696 883 755 sit
905 696 1005 768 lentie,
1030 716 1065 755 ex
1088 716 1192 756 versus

69 784 132 843 sive
157 784 304 844 sententia
328 785 391 843 sive
414 787 509 844 metro
525 784 723 862 intellegitur.
761 784 897 855 Quadere
914 785 1088 862 quicunque
1108 787 1192 846 novit

10 940 15 947 ,
69 893 162 948 quam
185 873 295 951 insigni
318 873 432 951 ingenii
455 874 516 933 acie
540 873 707 949 eximiaque
736 874 928 934 divinationis
952 875 1098 934 facultate
1121 875 1192 934 Itali

67 963 114 1020 illi
146 963 226 1022 docti
258 965 395 1022 veterum
429 963 521 1023 libros
552 963 722 1037 saepissime
756 964 978 1023 emendaverint
1012 983 1045 1022 ac
1077 970 1191 1040 quanta

69 1052 265 1127 epistolarum
297 1052 467 1128 frequentia
491 1052 710 1111 emendationes
742 1071 812 1112 suas
836 1053 913 1112 alius
936 1073 1006 1112 cum
1029 1053 1087 1112 alio
1111 1072 1190 1113 com-

14 1194 18 1211 ,
68 1141 307 1212 municaverint,
339 1142 420 1200 ultro
452 1161 520 1200 eum
544 1141 659 1200 subibit
682 1141 836 1218 cogitatio,
861 1143 974 1202 codices
997 1139 1033 1200 Α1
1057 1146 1086 1202 61
1110 1143 1131 1202 S
1156 1164 1190 1202 ex

67 1229 202 1306 integrae
226 1231 309 1289 illius
332 1230 464 1290 familiae
487 1231 514 1288 Y
534 1231 632 1290 codice
656 1230 757 1306 aliquo
782 1250 844 1290 esse
867 1233 1025 1307 profectos
1049 1232 1189 1291 lectiones

68 1322 173 1377 autem
205 1338 280 1395 quas
311 1338 403 1395 supra
437 1320 629 1391 atttulimus,
659 1320 808 1379 Italorum
841 1339 947 1396 operae
978 1321 1080 1380 deberi
1103 1342 1189 1397 prae-

66 1407 289 1483 clarissimae1).
338 1407 420 1478 Quae
451 1410 599 1467 sententia
637 1429 730 1484 paene
763 1410 987 1470 manufestatur
1022 1429 1072 1483 60,
1109 1411 1190 1485 quod

66 1497 158 1557 codex
181 1497 375 1557 Eboracensis
399 1499 515 1574 saepius
548 1518 616 1558 cum
639 1499 844 1576 singularibus
869 1499 1061 1560 Ambrosiani
1085 1499 1188 1559 lectio-

65 1586 155 1646 nibus
179 1587 345 1662 conspirat,
380 1588 465 1646 velut
496 1587 521 1661 Ι,
549 1593 576 1658 1,
607 1593 655 1652 19.
681 1593 710 1658 6,
736 1593 766 1651 2.
793 1594 822 1660 7,
848 1595 899 1654 55.
926 1595 955 1662 8,
982 1595 1011 1649 2.
1038 1593 1067 1659 9,
1093 1594 1121 1652 3.
1146 1589 1188 1661 ΙΙ,

68 1680 95 1750 l,
123 1680 175 1739 67.
219 1681 249 1749 2,
278 1681 327 1739 19.
372 1681 402 1747 3,
432 1681 483 1740 80.
510 1682 539 1748 4,
571 1682 624 1741 43.
671 1677 729 1751 ΙΙΙ,
764 1683 793 1749 6,
819 1683 871 1742 26θ
930 1678 1058 1737 Videtur
1092 1678 1189 1755 igitur
1304 1712 1309 1721 ·

64 1763 325 1823 Lachmannianus
341 1762 377 1823 Α1
400 1784 434 1823 ex
450 1765 612 1824 Baehrensi
628 1766 656 1824 A
678 1756 727 1826 vel
751 1767 816 1826 eius
839 1767 990 1827 simillimo
1014 1786 1067 1842 per
1091 1767 1188 1827 varios

66 1854 178 1931 gradus
201 1854 330 1916 fluxisse.

155 1941 212 2001 Sed
235 1943 313 2002 idem
337 1963 406 2002 cum
429 1943 527 2003 codice
543 1944 763 2004 Baehrensiano
785 1943 919 2003 Ghabet
941 1963 1112 2005 communes
1128 1965 1188 2006 non

63 2031 108 2090 ita
131 2051 240 2107 paucas
265 2031 407 2092 lectiones
432 2034 563 2108 quaein
586 2034 670 2092 nullo
691 2033 878 2109 reliquorum
901 2033 1048 2093 librorum
1070 2036 1186 2097 inveni-

62 2122 169 2192 untur,
202 2123 303 2181 velut:
336 2122 365 2193 I,
394 2126 425 2192 1,
453 2127 510 2187 37:
546 2142 616 2181 e-
638 2126 667 2182 et
690 2121 864 2182 AV-de
895 2121 926 2186 0.
959 2130 989 2193 2,
1023 2129 1064 2188 54
1098 2127 1185 2201 (52):

63 2211 182 2270 hecates
201 2242 237 2252 —
258 2211 380 2270 hecatae
403 2211 471 2270 ΥΟ.
499 2217 528 2285 5,
555 2217 613 2276 16;
639 2212 752 2272 circum
772 2245 807 2255 -
828 2213 945 2271 chreme
967 2213 1014 2271 vel
1029 2233 1126 2273 creme
1143 2215 1185 2290 (id

63 2302 109 2358 est
132 2299 254 2375 triviae)
278 2301 317 2358 Y,
352 2305 381 2372 8,
408 2305 469 2364 58:
505 2304 788 2361 1116-011160
818 2300 884 2359 YO.
923 2301 964 2375 ΙΙ,
1000 2307 1027 2373 l,
1055 2307 1091 2366 9:
1124 2304 1186 2362 sint

65 2392 197 2448 -sunt
219 2388 287 2451 ΥΟ.
328 2395 354 2463 l,
380 2395 439 2452 45:
472 2388 575 2449 Aurea
595 2425 636 2434 —-
658 2389 757 2449 Antea
780 2389 848 2448 ΥΟ.
875 2395 904 2462 3,
930 2395 990 2454 30:
1015 2391 1186 2452 Phiton-

62 2477 158 2551 phito,
182 2477 251 2540 ΥΟ.
284 2483 314 2547 3,
341 2482 380 2542 62
407 2479 495 2556 (59);
521 2499 611 2554 quem
629 2499 756 2555 -qnae
779 2478 845 2538 ΥΟ.
871 2485 900 2550 5,
927 2484 986 2544 69:
1011 2479 1184 2562 Quasque2)

62 2566 208 2642 Quodque
228 2602 266 2610 -
282 2566 349 2626 ΥΟ.
376 2573 405 2638 5,
424 2573 483 2631 71:
505 2568 670 2643 cometem)
697 2604 731 2612 —
755 2572 900 2628 cometem
922 2568 990 2628 ΥΟ.
1015 2569 1073 2641 ΠΙ,
1096 2575 1126 2641 3,
1145 2577 1182 2635 7:

61 2655 235 2732 6001616112)
257 2691 297 2699 -
319 2656 465 2716 sociarent
480 2656 547 2715 ΥΟ.
568 2662 598 2729 3,
613 2662 673 2722 29:
699 2657 767 2716 Non
780 2659 862 2733 (cum
874 2657 957 2734 Par.)
977 2693 1017 2702 -
1028 2659 1091 2719 Nec
1102 2659 1138 2719 Y.
1152 2665 1182 2732 4,

62 2750 101 2808 9:
126 2745 246 2804 varium
270 2744 323 2817 (Gt
348 2743 473 2826 vanum)
490 2749 619 2805 ventura
639 2781 673 2790 —
694 2749 801 2806 natum
817 2750 952 2806 maturas
967 2746 995 2804 Y
1007 2746 1038 2805 0.
1064 2754 1094 2822 4,
1121 2754 1181 2813 50:

61 2832 239 2912 Quodque2)
260 2834 452 2910 -Quidque
474 2834 542 2893 Yc.
577 2835 631 2907 IV,
658 2841 687 2909 6,
714 2841 751 2900 5:
784 2835 909 2895 ornandi
938 2871 970 2879 -
1002 2838 1106 2896 orandi
1121 2837 1181 2897 ΥΟ.

60 2929 91 2995 6,
120 2929 178 2988 10:
212 2924 354 2999 cuiquam
377 2924 552 2984 —cuidam
575 2924 642 2987 YO.
680 2931 708 2998 7,
734 2931 768 2989 8:
793 2925 962 2984 Ne-Me
984 2925 1052 2985 ΥΟ.
1100 2926 1182 2997 Quae

58 3031 108 3072 res
131 3013 176 3072 ita
195 3013 308 3089 optime
323 3013 396 3071 mibi
413 3014 534 3072 videtur
550 3013 702 3089 explicari,
726 3017 762 3074 ut
786 3014 877 3074 etiam
900 3015 1024 3074 alterius
1048 3015 1180 3076 familiae

58 3102 191 3163 codicem
215 3103 346 3178 aliquem
369 3123 386 3160 a
408 3102 533 3162 librario
557 3103 621 3162 eius
644 3103 714 3163 libri
738 3123 774 3162 ex
789 3123 850 3180 quo
866 3103 1059 3164 Eboracensis
1082 3106 1180 3178 fluxit,

57 3192 109 3252 hic
142 3195 172 3252 et
195 3192 256 3251 illio
280 3211 341 3251 6666
366 3191 535 3251 adhibitum
559 3196 650 3268 atque
683 3192 868 3270 singularem
889 3194 969 3253 hunc
993 3194 1120 3254 codicem
1147 3215 1181 3254 ox

58 3282 178 3340 duabus
209 3281 331 3339 familiis
363 3299 424 3341 esse
452 3284 554 3340 ortum
586 3299 741 3357 ponamus.
788 3281 858 3342 Sine
889 3283 981 3342 dubio
1005 3285 1108 3342 autem
1132 3303 1180 3344 co-

57 3370 160 3429 dicum
183 3370 212 3428 A
236 3374 265 3430 et
288 3370 316 3427 V
339 3371 430 3445 stirps
454 3371 542 3448 longe
566 3372 682 3446 optinet
697 3371 910 3447 principatum,
935 3375 971 3431 ut
986 3371 1180 3433 Eboracensis

58 3480 77 3518 a
100 3459 237 3518 Parisino
261 3459 311 3520 vix
334 3459 452 3518 differat
476 3460 666 3524 auctoritate.

148 3548 251 3607 Unum
274 3549 330 3608 boc
360 3549 415 3608 sibi
440 3548 533 3609 habet
555 3550 711 3624 proprium
734 3552 764 3608 et
787 3550 956 3627 singulare,
987 3551 1067 3627 quod
1100 3571 1178 3612 com-

57 3638 200 3714 pluribus
224 3638 295 3697 loois
319 3638 480 3697 varietates
503 3638 666 3697 lectionum
689 3639 792 3712 affert;
825 3658 922 3715 neque
945 3642 1047 3700 tamen
1070 3641 1124 3701 hac
1147 3661 1180 3700 re

59 3727 123 3787 eius
147 3727 280 3803 pretium
302 3730 443 3805 augetur.
490 3726 568 3786 Sunt
600 3727 677 3787 enim
706 3727 776 3787 illae
800 3731 854 3787 aut
878 3748 912 3787 ox
934 3728 1049 3787 familia
1072 3729 1180 3790 codicis

150 3957 176 4025 1)
196 3958 276 4013 Certe
300 3958 433 4012 lectiones
459 3959 512 4013 hae
540 3975 597 4011 non
622 3957 713 4011 minus
742 3977 826 4027 quam
851 3976 945 4014 versus
969 3959 1018 4014 ille
1043 3961 1179 4015 Italorum

62 4030 248 4085 commenticii
267 4028 338 4100 (cap.
358 4031 393 4095 H,
414 4028 429 4094 ἓ
449 4028 475 4096 1)
494 4030 524 4083 in
542 4030 685 4099 publicam
703 4031 835 4085 notitiam
853 4031 930 4085 abire
948 4034 1107 4101 potuerunt.

147 4118 175 4185 2)
193 4120 243 4172 Η16
263 4120 330 4174 10016
350 4118 474 4172 dubitari
487 4136 567 4188 posse
581 4119 615 4173 de
628 4119 730 4173 codicis
743 4118 775 4172 Α1
795 4120 941 4190 scriptura,
961 4121 1035 4190 quod
1048 4122 1178 4177 Heinsius

61 4191 130 4244 nihil
149 4192 274 4256 adnotet,
294 4193 388 4245 monet
407 4191 443 4244 M.
463 4190 656 4245 Rothsteinius
675 4209 722 4262 pg.
742 4189 784 4246 43.
