<?xml version="1.0" encoding="UTF-8"?>
<!DOCTYPE html PUBLIC "-//W3C//DTD XHTML 1.0 Transitional//EN"
    "http://www.w3.org/TR/xhtml1/DTD/xhtml1-transitional.dtd">
<html xmlns="http://www.w3.org/1999/xhtml" xml:lang="en" lang="en">
 <head>
  <title>
</title>
<meta http-equiv="Content-Type" content="text/html;charset=utf-8" />
  <meta name='ocr-system' content='tesseract 3.04.00' />
  <meta name='ocr-capabilities' content='ocr_page ocr_carea ocr_par ocr_line ocrx_word'/>
</head>
<body>
  <div class='ocr_page' id='page_1' title='image "./decodicibustibu01leongoog_0063.png"; bbox 0 0 2946 5026; ppageno 0'>
   <div class='ocr_carea' id='block_1_1' title="bbox 551 430 842 506">
    <p class='ocr_par' dir='ltr' id='par_1_1' title="bbox 551 430 842 506">
     <span class='ocr_line' id='line_1_1' title="bbox 551 430 842 506; baseline -0.017 1"><span class='ocrx_word' id='word_1_1' title='bbox 551 430 842 506; x_wconf 78' lang='lat' dir='ltr'><strong>&#39;--5c.-</strong></span> 
     </span>
    </p>
   </div>
   <div class='ocr_carea' id='block_1_2' title="bbox 173 594 1297 695">
    <p class='ocr_par' dir='ltr' id='par_1_2' title="bbox 173 594 1297 695">
     <span class='ocr_line' id='line_1_2' title="bbox 173 594 1297 695; baseline 0 -17"><span class='ocrx_word' id='word_1_2' title='bbox 173 638 271 695; x_wconf 85' lang='lat' dir='ltr'><strong>usque</strong></span> <span class='ocrx_word' id='word_1_3' title='bbox 295 620 331 679; x_wconf 91' lang='lat' dir='ltr'><strong>ad</strong></span> <span class='ocrx_word' id='word_1_4' title='bbox 356 624 449 692; x_wconf 66' lang='lat' dir='ltr'>32¹¹m,</span> <span class='ocrx_word' id='word_1_5' title='bbox 475 620 551 679; x_wconf 91' lang='lat' dir='ltr'><strong>alter</strong></span> <span class='ocrx_word' id='word_1_6' title='bbox 575 594 729 683; x_wconf 34' lang='lat' dir='ltr'><strong>awa</strong></span> <span class='ocrx_word' id='word_1_7' title='bbox 755 624 836 683; x_wconf 77' lang='lat' dir='ltr'><strong>37¹²m</strong></span> <span class='ocrx_word' id='word_1_8' title='bbox 859 621 928 678; x_wconf 84' lang='lat' dir='ltr'><strong>ante</strong></span> <span class='ocrx_word' id='word_1_9' title='bbox 944 625 1099 683; x_wconf 84' lang='lat' dir='ltr'><strong>versnm&#39;l</strong></span> <span class='ocrx_word' id='word_1_10' title='bbox 1124 619 1297 679; x_wconf 90' lang='lat' dir='ltr'><strong>inserendos</strong></span> 
     </span>
    </p>
   </div>
   <div class='ocr_carea' id='block_1_3' title="bbox 172 708 1296 1766">
    <p class='ocr_par' dir='ltr' id='par_1_3' title="bbox 173 708 1296 1039">
     <span class='ocr_line' id='line_1_3' title="bbox 174 708 1296 784; baseline -0.001 -17"><span class='ocrx_word' id='word_1_11' title='bbox 174 711 335 782; x_wconf 87' lang='lat' dir='ltr'><strong>censerent,</strong></span> <span class='ocrx_word' id='word_1_12' title='bbox 360 709 484 784; x_wconf 90' lang='lat' dir='ltr'><strong>reliquis</strong></span> <span class='ocrx_word' id='word_1_13' title='bbox 504 709 627 767; x_wconf 84' lang='lat' dir='ltr'><strong>illorum</strong></span> <span class='ocrx_word' id='word_1_14' title='bbox 642 708 926 784; x_wconf 73' lang='lat' dir='ltr'><strong>transpositionibus</strong></span> <span class='ocrx_word' id='word_1_15' title='bbox 943 711 979 767; x_wconf 91' lang='lat' dir='ltr'><strong>ut</strong></span> <span class='ocrx_word' id='word_1_16' title='bbox 1002 728 1099 784; x_wconf 90' lang='lat' dir='ltr'><strong>neque</strong></span> <span class='ocrx_word' id='word_1_17' title='bbox 1122 709 1296 768; x_wconf 86' lang='lat' dir='ltr'><strong>necessariis</strong></span> 
     </span>
     <span class='ocr_line' id='line_1_4' title="bbox 173 797 1295 876; baseline 0 -19"><span class='ocrx_word' id='word_1_18' title='bbox 173 817 270 874; x_wconf 88' lang='lat' dir='ltr'><strong>neque</strong></span> <span class='ocrx_word' id='word_1_19' title='bbox 293 798 645 876; x_wconf 83' lang='lat' dir='ltr'><strong>opportunisneglectis,</strong></span> <span class='ocrx_word' id='word_1_20' title='bbox 670 799 706 856; x_wconf 90' lang='lat' dir='ltr'><strong>de</strong></span> <span class='ocrx_word' id='word_1_21' title='bbox 729 798 775 855; x_wconf 89' lang='lat' dir='ltr'><strong>his</strong></span> <span class='ocrx_word' id='word_1_22' title='bbox 798 797 987 872; x_wconf 88' lang='lat' dir='ltr'><strong>potissimum</strong></span> <span class='ocrx_word' id='word_1_23' title='bbox 1010 799 1096 857; x_wconf 90' lang='lat' dir='ltr'><strong>nobis</strong></span> <span class='ocrx_word' id='word_1_24' title='bbox 1121 798 1178 858; x_wconf 88' lang='lat' dir='ltr'><strong>erit</strong></span> <span class='ocrx_word' id='word_1_25' title='bbox 1204 817 1295 872; x_wconf 91' lang='lat' dir='ltr'><strong>quae·</strong></span> 
     </span>
     <span class='ocr_line' id='line_1_5' title="bbox 173 887 1295 964; baseline 0.002 -20"><span class='ocrx_word' id='word_1_26' title='bbox 173 889 319 958; x_wconf 84' lang='lat' dir='ltr'><strong>rendum3</strong></span> <span class='ocrx_word' id='word_1_27' title='bbox 344 887 456 946; x_wconf 91' lang='lat' dir='ltr'><strong>Prienii</strong></span> <span class='ocrx_word' id='word_1_28' title='bbox 480 887 658 946; x_wconf 89' lang='lat' dir='ltr'><strong>sententiam</strong></span> <span class='ocrx_word' id='word_1_29' title='bbox 682 887 834 962; x_wconf 82' lang='lat' dir='ltr'>propriam</span> <span class='ocrx_word' id='word_1_30' title='bbox 859 889 888 945; x_wconf 91' lang='lat' dir='ltr'><strong>et</strong></span> <span class='ocrx_word' id='word_1_31' title='bbox 912 887 1095 964; x_wconf 83' lang='lat' dir='ltr'><strong>singularem</strong></span> <span class='ocrx_word' id='word_1_32' title='bbox 1119 889 1226 963; x_wconf 90' lang='lat' dir='ltr'><strong>postea</strong></span> <span class='ocrx_word' id='word_1_33' title='bbox 1250 907 1295 946; x_wconf 92' lang='lat' dir='ltr'><strong>re·</strong></span> 
     </span>
     <span class='ocr_line' id='line_1_6' title="bbox 174 977 368 1039; baseline 0.021 -4"><span class='ocrx_word' id='word_1_34' title='bbox 174 977 368 1039; x_wconf 81' lang='lat' dir='ltr'><strong>censebimus,</strong></span> 
     </span>
    </p>

    <p class='ocr_par' dir='ltr' id='par_1_4' title="bbox 172 1063 1296 1588">
     <span class='ocr_line' id='line_1_7' title="bbox 263 1063 1294 1141; baseline -0.001 -18"><span class='ocrx_word' id='word_1_35' title='bbox 263 1065 306 1125; x_wconf 90' lang='lat' dir='ltr'><strong>Ao</strong></span> <span class='ocrx_word' id='word_1_36' title='bbox 330 1065 461 1141; x_wconf 89' lang='lat' dir='ltr'><strong>primum</strong></span> <span class='ocrx_word' id='word_1_37' title='bbox 485 1063 605 1138; x_wconf 90' lang='lat' dir='ltr'><strong>quidem</strong></span> <span class='ocrx_word' id='word_1_38' title='bbox 629 1065 665 1123; x_wconf 89' lang='lat' dir='ltr'><strong>de</strong></span> <span class='ocrx_word' id='word_1_39' title='bbox 688 1064 836 1123; x_wconf 89' lang='lat' dir='ltr'><strong>iuncturis</strong></span> <span class='ocrx_word' id='word_1_40' title='bbox 858 1065 1006 1137; x_wconf 81' lang='lat' dir='ltr'><strong>carminis,</strong></span> <span class='ocrx_word' id='word_1_41' title='bbox 1032 1084 1109 1140; x_wconf 87' lang='lat' dir='ltr'><strong>quae</strong></span> <span class='ocrx_word' id='word_1_42' title='bbox 1125 1084 1205 1124; x_wconf 89' lang='lat' dir='ltr'><strong>novo</strong></span> <span class='ocrx_word' id='word_1_43' title='bbox 1230 1085 1294 1124; x_wconf 87' lang='lat' dir='ltr'><strong>ver-</strong></span> 
     </span>
     <span class='ocr_line' id='line_1_8' title="bbox 172 1153 1294 1230; baseline -0.002 -15"><span class='ocrx_word' id='word_1_44' title='bbox 172 1174 261 1215; x_wconf 91' lang='lat' dir='ltr'><strong>suum</strong></span> <span class='ocrx_word' id='word_1_45' title='bbox 278 1155 379 1213; x_wconf 89' lang='lat' dir='ltr'><strong>ordine</strong></span> <span class='ocrx_word' id='word_1_46' title='bbox 395 1153 570 1226; x_wconf 82' lang='lat' dir='ltr'><strong>extiterunt,</strong></span> <span class='ocrx_word' id='word_1_47' title='bbox 589 1154 753 1212; x_wconf 86' lang='lat' dir='ltr'><strong>videamus.</strong></span> <span class='ocrx_word' id='word_1_48' title='bbox 784 1153 913 1212; x_wconf 83' lang='lat' dir='ltr'><strong>Versum</strong></span> <span class='ocrx_word' id='word_1_49' title='bbox 930 1159 970 1218; x_wconf 85' lang='lat'><strong>25</strong></span> <span class='ocrx_word' id='word_1_50' title='bbox 988 1154 1149 1213; x_wconf 85' lang='lat' dir='ltr'><strong>Richterus</strong></span> <span class='ocrx_word' id='word_1_51' title='bbox 1166 1174 1294 1230; x_wconf 92' lang='lat' dir='ltr'><strong>eumque</strong></span> 
     </span>
     <span class='ocr_line' id='line_1_9' title="bbox 174 1243 1296 1319; baseline -0.003 -15"><span class='ocrx_word' id='word_1_52' title='bbox 174 1248 295 1304; x_wconf 89' lang='lat' dir='ltr'><strong>secutus</strong></span> <span class='ocrx_word' id='word_1_53' title='bbox 309 1243 507 1302; x_wconf 90' lang='lat' dir='ltr'><strong>Baehrensius</strong></span> <span class='ocrx_word' id='word_1_54' title='bbox 521 1245 557 1302; x_wconf 93' lang='lat' dir='ltr'><strong>ab</strong></span> <span class='ocrx_word' id='word_1_55' title='bbox 573 1245 780 1318; x_wconf 77' lang='lat' dir='ltr'><strong>excerptorum</strong></span> <span class='ocrx_word' id='word_1_56' title='bbox 792 1243 1028 1319; x_wconf 84' lang='lat' dir='ltr'><strong>Frisingensium</strong></span> <span class='ocrx_word' id='word_1_57' title='bbox 1041 1244 1184 1303; x_wconf 88' lang='lat' dir='ltr'><strong>lectione:</strong></span> <span class='ocrx_word' id='word_1_58' title='bbox 1213 1243 1296 1318; x_wconf 85' lang='lat' dir='ltr'><strong>„Iam</strong></span> 
     </span>
     <span class='ocr_line' id='line_1_10' title="bbox 173 1331 1295 1408; baseline -0.001 -17"><span class='ocrx_word' id='word_1_59' title='bbox 173 1334 261 1392; x_wconf 95' lang='lat' dir='ltr'><strong>modo</strong></span> <span class='ocrx_word' id='word_1_60' title='bbox 289 1334 350 1392; x_wconf 88' lang='lat' dir='ltr'><strong>iam</strong></span> <span class='ocrx_word' id='word_1_61' title='bbox 373 1331 502 1408; x_wconf 76' lang='lat' dir='ltr'><strong>possim“</strong></span> <span class='ocrx_word' id='word_1_62' title='bbox 538 1331 666 1407; x_wconf 86' lang='lat' dir='ltr'><strong>profecti</strong></span> <span class='ocrx_word' id='word_1_63' title='bbox 699 1332 741 1391; x_wconf 90' lang='lat' dir='ltr'><strong>sic</strong></span> <span class='ocrx_word' id='word_1_64' title='bbox 770 1333 1079 1396; x_wconf 84' lang='lat' dir='ltr'><strong>transformaverunt:</strong></span> <span class='ocrx_word' id='word_1_65' title='bbox 1108 1333 1295 1407; x_wconf 85' lang='lat' dir='ltr'><strong>„Dummodo</strong></span> 
     </span>
     <span class='ocr_line' id='line_1_11' title="bbox 173 1421 1294 1499; baseline 0 -19"><span class='ocrx_word' id='word_1_66' title='bbox 173 1424 233 1482; x_wconf 87' lang='lat' dir='ltr'><strong>iam</strong></span> <span class='ocrx_word' id='word_1_67' title='bbox 260 1423 390 1499; x_wconf 83' lang='lat' dir='ltr'><strong>possim“</strong></span> <span class='ocrx_word' id='word_1_68' title='bbox 425 1424 454 1479; x_wconf 90' lang='lat' dir='ltr'><strong>et</strong></span> <span class='ocrx_word' id='word_1_69' title='bbox 484 1441 537 1496; x_wconf 90' lang='lat' dir='ltr'><strong>per</strong></span> <span class='ocrx_word' id='word_1_70' title='bbox 563 1421 746 1496; x_wconf 89' lang='lat' dir='ltr'><strong>anaphoram</strong></span> <span class='ocrx_word' id='word_1_71' title='bbox 777 1440 868 1496; x_wconf 87' lang='lat' dir='ltr'><strong>quam</strong></span> <span class='ocrx_word' id='word_1_72' title='bbox 895 1422 926 1479; x_wconf 92' lang='lat' dir='ltr'><strong>in</strong></span> <span class='ocrx_word' id='word_1_73' title='bbox 955 1422 1151 1482; x_wconf 71' lang='lat' dir='ltr'><strong>delectatione</strong></span> <span class='ocrx_word' id='word_1_74' title='bbox 1174 1422 1294 1481; x_wconf 80' lang='lat' dir='ltr'><strong>Tibullo</strong></span> 
     </span>
     <span class='ocr_line' id='line_1_12' title="bbox 173 1510 1028 1588; baseline 0.001 -20"><span class='ocrx_word' id='word_1_75' title='bbox 173 1512 266 1571; x_wconf 84' lang='lat' dir='ltr'><strong>luisse</strong></span> <span class='ocrx_word' id='word_1_76' title='bbox 289 1513 416 1583; x_wconf 82' lang='lat' dir='ltr'><strong>constat,</strong></span> <span class='ocrx_word' id='word_1_77' title='bbox 441 1530 510 1569; x_wconf 92' lang='lat' dir='ltr'><strong>cum</strong></span> <span class='ocrx_word' id='word_1_78' title='bbox 533 1528 623 1568; x_wconf 88' lang='lat' dir='ltr'><strong>versu</strong></span> <span class='ocrx_word' id='word_1_79' title='bbox 648 1514 665 1573; x_wconf 90' lang='grc'>6</span> <span class='ocrx_word' id='word_1_80' title='bbox 691 1510 832 1588; x_wconf 89' lang='lat' dir='ltr'><strong>coniungi</strong></span> <span class='ocrx_word' id='word_1_81' title='bbox 857 1511 1028 1570; x_wconf 89' lang='lat' dir='ltr'><strong>voluerunt.</strong></span> 
     </span>
    </p>

    <p class='ocr_par' dir='ltr' id='par_1_5' title="bbox 174 1599 1295 1766">
     <span class='ocr_line' id='line_1_13' title="bbox 264 1599 1295 1675; baseline 0 -17"><span class='ocrx_word' id='word_1_82' title='bbox 264 1600 320 1660; x_wconf 84' lang='lat' dir='ltr'><strong>Sed</strong></span> <span class='ocrx_word' id='word_1_83' title='bbox 343 1600 404 1659; x_wconf 93' lang='lat' dir='ltr'><strong>iam</strong></span> <span class='ocrx_word' id='word_1_84' title='bbox 427 1599 496 1658; x_wconf 84' lang='lat' dir='ltr'><strong>vide</strong></span> <span class='ocrx_word' id='word_1_85' title='bbox 524 1599 563 1657; x_wconf 90' lang='lat' dir='ltr'><strong>sis</strong></span> <span class='ocrx_word' id='word_1_86' title='bbox 588 1599 660 1675; x_wconf 88' lang='lat' dir='ltr'><strong>quid</strong></span> <span class='ocrx_word' id='word_1_87' title='bbox 683 1600 737 1658; x_wconf 90' lang='lat' dir='ltr'><strong>hoc</strong></span> <span class='ocrx_word' id='word_1_88' title='bbox 760 1600 791 1657; x_wconf 89' lang='lat' dir='ltr'><strong>in</strong></span> <span class='ocrx_word' id='word_1_89' title='bbox 816 1600 918 1658; x_wconf 88' lang='lat' dir='ltr'><strong>ordine</strong></span> <span class='ocrx_word' id='word_1_90' title='bbox 935 1619 1077 1659; x_wconf 88' lang='lat' dir='ltr'><strong>versuum</strong></span> <span class='ocrx_word' id='word_1_91' title='bbox 1105 1602 1153 1659; x_wconf 85' lang='lat' dir='ltr'><strong>vel</strong></span> <span class='ocrx_word' id='word_1_92' title='bbox 1168 1600 1295 1659; x_wconf 84' lang='lat' dir='ltr'><strong>maxime</strong></span> 
     </span>
     <span class='ocr_line' id='line_1_14' title="bbox 174 1690 349 1766; baseline 0 -18"><span class='ocrx_word' id='word_1_93' title='bbox 174 1690 349 1766; x_wconf 86' lang='lat' dir='ltr'><strong>displiceat:</strong></span> 
     </span>
    </p>
   </div>
   <div class='ocr_carea' id='block_1_4' title="bbox 221 1831 1257 2353">
    <p class='ocr_par' dir='ltr' id='par_1_6' title="bbox 221 1831 1257 2353">
     <span class='ocr_line' id='line_1_15' title="bbox 244 1831 1079 1908; baseline -0.004 -17"><span class='ocrx_word' id='word_1_94' title='bbox 244 1838 273 1896; x_wconf 85' lang='lat'><strong>5.</strong></span> <span class='ocrx_word' id='word_1_95' title='bbox 298 1833 347 1891; x_wconf 90' lang='lat' dir='ltr'><strong>Me</strong></span> <span class='ocrx_word' id='word_1_96' title='bbox 370 1851 436 1890; x_wconf 90' lang='lat' dir='ltr'><strong>mea</strong></span> <span class='ocrx_word' id='word_1_97' title='bbox 459 1831 653 1908; x_wconf 75' lang='lat' dir='ltr'><strong>paupertasl)</strong></span> <span class='ocrx_word' id='word_1_98' title='bbox 678 1831 741 1890; x_wconf 88' lang='lat' dir='ltr'><strong>vita</strong></span> <span class='ocrx_word' id='word_1_99' title='bbox 765 1831 905 1890; x_wconf 90' lang='lat' dir='ltr'><strong>traducat</strong></span> <span class='ocrx_word' id='word_1_100' title='bbox 929 1831 1079 1904; x_wconf 89' lang='lat' dir='ltr'><strong>inerti,</strong></span> 
     </span>
     <span class='ocr_line' id='line_1_16' title="bbox 336 1920 1004 1997; baseline 0 -19"><span class='ocrx_word' id='word_1_101' title='bbox 336 1921 416 1979; x_wconf 90' lang='lat' dir='ltr'><strong>Dum</strong></span> <span class='ocrx_word' id='word_1_102' title='bbox 440 1939 524 1979; x_wconf 89' lang='lat' dir='ltr'><strong>meus</strong></span> <span class='ocrx_word' id='word_1_103' title='bbox 549 1920 672 1979; x_wconf 89' lang='lat' dir='ltr'><strong>adsiduo</strong></span> <span class='ocrx_word' id='word_1_104' title='bbox 696 1922 796 1980; x_wconf 90' lang='lat' dir='ltr'><strong>luceat</strong></span> <span class='ocrx_word' id='word_1_105' title='bbox 818 1921 887 1997; x_wconf 88' lang='lat' dir='ltr'><strong>igne</strong></span> <span class='ocrx_word' id='word_1_106' title='bbox 910 1920 1004 1993; x_wconf 86' lang='lat' dir='ltr'><strong>focus,</strong></span> 
     </span>
     <span class='ocr_line' id='line_1_17' title="bbox 221 2009 1167 2085; baseline 0.001 -18"><span class='ocrx_word' id='word_1_107' title='bbox 221 2015 272 2074; x_wconf 83' lang='lat'><strong>25.</strong></span> <span class='ocrx_word' id='word_1_108' title='bbox 297 2010 394 2068; x_wconf 90' lang='lat' dir='ltr'><strong>Dum</strong></span> <span class='ocrx_word' id='word_1_109' title='bbox 416 2010 528 2068; x_wconf 86' lang='lat' dir='ltr'><strong>modo</strong></span> <span class='ocrx_word' id='word_1_110' title='bbox 551 2009 610 2067; x_wconf 91' lang='lat' dir='ltr'><strong>iam</strong></span> <span class='ocrx_word' id='word_1_111' title='bbox 634 2010 744 2085; x_wconf 88' lang='lat' dir='ltr'><strong>possim</strong></span> <span class='ocrx_word' id='word_1_112' title='bbox 768 2012 925 2069; x_wconf 86' lang='lat' dir='ltr'><strong>contentus</strong></span> <span class='ocrx_word' id='word_1_113' title='bbox 949 2009 1051 2075; x_wconf 85' lang='lat' dir='ltr'><strong>vivere</strong></span> <span class='ocrx_word' id='word_1_114' title='bbox 1073 2028 1167 2084; x_wconf 86' lang='lat' dir='ltr'><strong>parvo</strong></span> 
     </span>
     <span class='ocr_line' id='line_1_18' title="bbox 335 2098 1135 2175; baseline -0.001 -19"><span class='ocrx_word' id='word_1_115' title='bbox 335 2099 397 2158; x_wconf 87' lang='lat' dir='ltr'><strong>Nec</strong></span> <span class='ocrx_word' id='word_1_116' title='bbox 420 2117 535 2173; x_wconf 91' lang='lat' dir='ltr'><strong>semper</strong></span> <span class='ocrx_word' id='word_1_117' title='bbox 557 2099 703 2175; x_wconf 89' lang='lat' dir='ltr'><strong>longae</strong></span> <span class='ocrx_word' id='word_1_118' title='bbox 726 2099 893 2158; x_wconf 89' lang='lat' dir='ltr'><strong>deditus</strong></span> <span class='ocrx_word' id='word_1_119' title='bbox 918 2117 1003 2158; x_wconf 90' lang='lat' dir='ltr'><strong>esse</strong></span> <span class='ocrx_word' id='word_1_120' title='bbox 1026 2098 1135 2171; x_wconf 83' lang='lat' dir='ltr'><strong>viae,</strong></span> 
     </span>
     <span class='ocr_line' id='line_1_19' title="bbox 294 2186 1257 2247; baseline -0.001 0"><span class='ocrx_word' id='word_1_121' title='bbox 294 2186 365 2247; x_wconf 84' lang='lat' dir='ltr'><strong>Sed</strong></span> <span class='ocrx_word' id='word_1_122' title='bbox 390 2188 501 2247; x_wconf 89' lang='lat' dir='ltr'><strong>canis</strong></span> <span class='ocrx_word' id='word_1_123' title='bbox 526 2187 700 2246; x_wconf 87' lang='lat' dir='ltr'><strong>aestivos</strong></span> <span class='ocrx_word' id='word_1_124' title='bbox 725 2190 843 2247; x_wconf 88' lang='lat' dir='ltr'><strong>ortus</strong></span> <span class='ocrx_word' id='word_1_125' title='bbox 866 2187 1000 2246; x_wconf 86' lang='lat' dir='ltr'><strong>vitare</strong></span> <span class='ocrx_word' id='word_1_126' title='bbox 1024 2189 1095 2246; x_wconf 91' lang='lat' dir='ltr'><strong>sub</strong></span> <span class='ocrx_word' id='word_1_127' title='bbox 1119 2189 1257 2246; x_wconf 90' lang='lat' dir='ltr'><strong>umbra</strong></span> 
     </span>
     <span class='ocr_line' id='line_1_20' title="bbox 336 2276 1196 2353; baseline 0.002 -19"><span class='ocrx_word' id='word_1_128' title='bbox 336 2276 503 2335; x_wconf 89' lang='lat' dir='ltr'><strong>Arboris</strong></span> <span class='ocrx_word' id='word_1_129' title='bbox 527 2278 571 2335; x_wconf 79' lang='lat' dir='ltr'><strong>ad</strong></span> <span class='ocrx_word' id='word_1_130' title='bbox 594 2277 702 2336; x_wconf 80' lang='lat' dir='ltr'><strong>rivos</strong></span> <span class='ocrx_word' id='word_1_131' title='bbox 726 2277 1034 2352; x_wconf 88' lang='lat' dir='ltr'><strong>praetereuntis</strong></span> <span class='ocrx_word' id='word_1_132' title='bbox 1059 2296 1196 2353; x_wconf 86' lang='lat' dir='ltr'><strong>aquae.</strong></span> 
     </span>
    </p>
   </div>
   <div class='ocr_carea' id='block_1_5' title="bbox 95 2417 1337 3922">
    <p class='ocr_par' dir='ltr' id='par_1_7' title="bbox 175 2417 1298 2675">
     <span class='ocr_line' id='line_1_21' title="bbox 175 2417 1297 2499; baseline 0 -23"><span class='ocrx_word' id='word_1_133' title='bbox 175 2419 254 2478; x_wconf 89' lang='lat' dir='ltr'><strong>Talis</strong></span> <span class='ocrx_word' id='word_1_134' title='bbox 278 2420 427 2478; x_wconf 87' lang='lat' dir='ltr'><strong>sententia</strong></span> <span class='ocrx_word' id='word_1_135' title='bbox 451 2421 571 2495; x_wconf 90' lang='lat' dir='ltr'><strong>qualem</strong></span> <span class='ocrx_word' id='word_1_136' title='bbox 594 2420 649 2479; x_wconf 90' lang='lat' dir='ltr'><strong>hac</strong></span> <span class='ocrx_word' id='word_1_137' title='bbox 673 2422 861 2496; x_wconf 90' lang='lat' dir='ltr'><strong>epanaphora</strong></span> <span class='ocrx_word' id='word_1_138' title='bbox 886 2421 970 2497; x_wconf 87' lang='lat' dir='ltr'><strong>(dum</strong></span> <span class='ocrx_word' id='word_1_139' title='bbox 992 2455 1032 2464; x_wconf 96' lang='lat'><strong>—</strong></span> <span class='ocrx_word' id='word_1_140' title='bbox 1049 2417 1222 2499; x_wconf 89' lang='lat' dir='ltr'><strong>dummodo)</strong></span> <span class='ocrx_word' id='word_1_141' title='bbox 1248 2439 1297 2477; x_wconf 87' lang='lat' dir='ltr'><strong>ex-</strong></span> 
     </span>
     <span class='ocr_line' id='line_1_22' title="bbox 175 2508 1298 2585; baseline -0.001 -18"><span class='ocrx_word' id='word_1_142' title='bbox 175 2509 273 2568; x_wconf 87' lang='lat' dir='ltr'><strong>titisse</strong></span> <span class='ocrx_word' id='word_1_143' title='bbox 297 2509 443 2578; x_wconf 73' lang='lat' dir='ltr'><strong>cidemus</strong></span> <span class='ocrx_word' id='word_1_144' title='bbox 469 2529 485 2566; x_wconf 94' lang='lat' dir='ltr'><strong>a</strong></span> <span class='ocrx_word' id='word_1_145' title='bbox 508 2508 629 2568; x_wconf 84' lang='lat' dir='ltr'><strong>Tibullo</strong></span> <span class='ocrx_word' id='word_1_146' title='bbox 652 2512 741 2584; x_wconf 90' lang='lat' dir='ltr'><strong>poeta</strong></span> <span class='ocrx_word' id='word_1_147' title='bbox 765 2510 921 2585; x_wconf 89' lang='lat' dir='ltr'><strong>simplicis,</strong></span> <span class='ocrx_word' id='word_1_148' title='bbox 946 2510 1093 2569; x_wconf 86' lang='lat' dir='ltr'><strong>dilucidae</strong></span> <span class='ocrx_word' id='word_1_149' title='bbox 1117 2508 1298 2584; x_wconf 90' lang='lat' dir='ltr'><strong>minimeque</strong></span> 
     </span>
     <span class='ocr_line' id='line_1_23' title="bbox 175 2598 1297 2675; baseline 0.001 -19"><span class='ocrx_word' id='word_1_150' title='bbox 175 2601 329 2657; x_wconf 90' lang='lat' dir='ltr'><strong>tortuosae</strong></span> <span class='ocrx_word' id='word_1_151' title='bbox 353 2598 469 2657; x_wconf 91' lang='lat' dir='ltr'><strong>dicendi</strong></span> <span class='ocrx_word' id='word_1_152' title='bbox 492 2598 618 2657; x_wconf 83' lang='lat' dir='ltr'><strong>rationis</strong></span> <span class='ocrx_word' id='word_1_153' title='bbox 642 2599 845 2658; x_wconf 89' lang='lat' dir='ltr'><strong>amantissimo</strong></span> <span class='ocrx_word' id='word_1_154' title='bbox 868 2599 1002 2675; x_wconf 82' lang='lat' dir='ltr'><strong>profecta</strong></span> <span class='ocrx_word' id='word_1_155' title='bbox 1027 2616 1089 2658; x_wconf 87' lang='lat' dir='ltr'><strong>esse</strong></span> <span class='ocrx_word' id='word_1_156' title='bbox 1112 2617 1170 2656; x_wconf 93' lang='lat' dir='ltr'><strong>non</strong></span> <span class='ocrx_word' id='word_1_157' title='bbox 1187 2600 1297 2672; x_wconf 84' lang='lat' dir='ltr'><strong>pot-est.</strong></span> 
     </span>
    </p>

    <p class='ocr_par' dir='ltr' id='par_1_8' title="bbox 95 2677 1337 3922">
     <span class='ocr_line' id='line_1_24' title="bbox 177 2677 1337 2766; baseline -0.002 -21"><span class='ocrx_word' id='word_1_158' title='bbox 177 2686 253 2756; x_wconf 81' lang='lat' dir='ltr'><strong>Quid</strong></span> <span class='ocrx_word' id='word_1_159' title='bbox 279 2687 380 2746; x_wconf 81' lang='lat' dir='ltr'><strong>enim?</strong></span> <span class='ocrx_word' id='word_1_160' title='bbox 419 2687 546 2746; x_wconf 89' lang='lat' dir='ltr'><strong>Prorsus</strong></span> <span class='ocrx_word' id='word_1_161' title='bbox 568 2688 687 2765; x_wconf 89' lang='lat' dir='ltr'><strong>legibus</strong></span> <span class='ocrx_word' id='word_1_162' title='bbox 710 2688 820 2765; x_wconf 84' lang='lat' dir='ltr'><strong>logices</strong></span> <span class='ocrx_word' id='word_1_163' title='bbox 844 2691 1004 2766; x_wconf 84' lang='lat' dir='ltr'><strong>repugnat.</strong></span> <span class='ocrx_word' id='word_1_164' title='bbox 1050 2687 1099 2744; x_wconf 92' lang='lat' dir='ltr'><strong>An</strong></span> <span class='ocrx_word' id='word_1_165' title='bbox 1132 2687 1193 2746; x_wconf 92' lang='lat' dir='ltr'><strong>tale</strong></span> <span class='ocrx_word' id='word_1_166' title='bbox 1224 2687 1298 2762; x_wconf 89' lang='lat' dir='ltr'><strong>quid</strong></span> <span class='ocrx_word' id='word_1_167' title='bbox 1336 2677 1337 2681; x_wconf 27' lang='lat'>¹</span> 
     </span>
     <span class='ocr_line' id='line_1_25' title="bbox 176 2776 1297 2854; baseline -0.002 -19"><span class='ocrx_word' id='word_1_168' title='bbox 176 2778 257 2835; x_wconf 88' lang='lat' dir='ltr'><strong>recte</strong></span> <span class='ocrx_word' id='word_1_169' title='bbox 281 2777 395 2834; x_wconf 87' lang='lat' dir='ltr'><strong>dictum</strong></span> <span class='ocrx_word' id='word_1_170' title='bbox 419 2780 578 2851; x_wconf 89' lang='lat' dir='ltr'><strong>putemus:</strong></span> <span class='ocrx_word' id='word_1_171' title='bbox 612 2776 676 2854; x_wconf 81' lang='lat' dir='ltr'><strong>Ego</strong></span> <span class='ocrx_word' id='word_1_172' title='bbox 709 2797 823 2853; x_wconf 85' lang='lat' dir='ltr'><strong>pauper</strong></span> <span class='ocrx_word' id='word_1_173' title='bbox 851 2778 1023 2836; x_wconf 88' lang='lat' dir='ltr'><strong>inertem</strong></span> <span class='ocrx_word' id='word_1_174' title='bbox 1054 2777 1160 2854; x_wconf 86' lang='lat' dir='ltr'><strong>degam</strong></span> <span class='ocrx_word' id='word_1_175' title='bbox 1192 2776 1297 2847; x_wconf 87' lang='lat' dir='ltr'><strong>vitam,</strong></span> 
     </span>
     <span class='ocr_line' id='line_1_26' title="bbox 176 2865 1298 2943; baseline -0.002 -19"><span class='ocrx_word' id='word_1_176' title='bbox 176 2866 336 2924; x_wconf 86' lang='lat' dir='ltr'><strong>dummodo</strong></span> <span class='ocrx_word' id='word_1_177' title='bbox 361 2865 439 2924; x_wconf 90' lang='lat' dir='ltr'><strong>curis</strong></span> <span class='ocrx_word' id='word_1_178' title='bbox 463 2883 577 2924; x_wconf 87' lang='lat' dir='ltr'><strong>vacuus</strong></span> <span class='ocrx_word' id='word_1_179' title='bbox 610 2884 672 2925; x_wconf 90' lang='lat' dir='ltr'><strong>esse</strong></span> <span class='ocrx_word' id='word_1_180' title='bbox 695 2867 806 2941; x_wconf 91' lang='lat' dir='ltr'><strong>possim</strong></span> <span class='ocrx_word' id='word_1_181' title='bbox 829 2885 883 2925; x_wconf 90' lang='lat' dir='ltr'><strong>nec</strong></span> <span class='ocrx_word' id='word_1_182' title='bbox 905 2885 1021 2942; x_wconf 92' lang='lat' dir='ltr'><strong>semper</strong></span> <span class='ocrx_word' id='word_1_183' title='bbox 1048 2866 1155 2943; x_wconf 86' lang='lat' dir='ltr'><strong>longae</strong></span> <span class='ocrx_word' id='word_1_184' title='bbox 1179 2865 1298 2923; x_wconf 82' lang='lat' dir='ltr'><strong>deditus</strong></span> 
     </span>
     <span class='ocr_line' id='line_1_27' title="bbox 177 2954 1298 3034; baseline -0.002 -21"><span class='ocrx_word' id='word_1_185' title='bbox 177 2973 240 3034; x_wconf 72' lang='lat' dir='ltr'><strong>esse</strong></span> <span class='ocrx_word' id='word_1_186' title='bbox 257 2954 346 3012; x_wconf 81' lang='lat' dir='ltr'><strong>viae?</strong></span> <span class='ocrx_word' id='word_1_187' title='bbox 379 2954 470 3030; x_wconf 85' lang='lat' dir='ltr'><strong>(Mich</strong></span> <span class='ocrx_word' id='word_1_188' title='bbox 487 2974 558 3029; x_wconf 84' lang='lat' dir='ltr'><strong>mag</strong></span> <span class='ocrx_word' id='word_1_189' title='bbox 573 2954 652 3014; x_wconf 91' lang='lat' dir='ltr'><strong>mein</strong></span> <span class='ocrx_word' id='word_1_190' title='bbox 668 2954 805 3015; x_wconf 89' lang='lat' dir='ltr'><strong>bissohen</strong></span> <span class='ocrx_word' id='word_1_191' title='bbox 822 2956 943 3014; x_wconf 89' lang='lat' dir='ltr'><strong>armuth</strong></span> <span class='ocrx_word' id='word_1_192' title='bbox 959 2955 1054 3015; x_wconf 89' lang='lat' dir='ltr'><strong>durch</strong></span> <span class='ocrx_word' id='word_1_193' title='bbox 1071 2954 1117 3012; x_wconf 92' lang='lat' dir='ltr'><strong>ein</strong></span> <span class='ocrx_word' id='word_1_194' title='bbox 1141 2955 1182 3012; x_wconf 83' lang='lat' dir='ltr'><strong>th</strong></span> <span class='ocrx_word' id='word_1_195' title='bbox 1193 2957 1298 3013; x_wconf 92' lang='lat' dir='ltr'><strong>aten-</strong></span> 
     </span>
     <span class='ocr_line' id='line_1_28' title="bbox 176 3043 1296 3114; baseline 0 -14"><span class='ocrx_word' id='word_1_196' title='bbox 176 3044 285 3102; x_wconf 89' lang='lat' dir='ltr'><strong>loses</strong></span> <span class='ocrx_word' id='word_1_197' title='bbox 317 3043 402 3102; x_wconf 90' lang='lat' dir='ltr'><strong>leben</strong></span> <span class='ocrx_word' id='word_1_198' title='bbox 426 3043 552 3114; x_wconf 80' lang='lat' dir='ltr'><strong>fbhren3</strong></span> <span class='ocrx_word' id='word_1_199' title='bbox 584 3063 643 3102; x_wconf 90' lang='lat' dir='ltr'><strong>nur</strong></span> <span class='ocrx_word' id='word_1_200' title='bbox 676 3044 738 3101; x_wconf 89' lang='lat' dir='ltr'><strong>will</strong></span> <span class='ocrx_word' id='word_1_201' title='bbox 769 3045 816 3104; x_wconf 91' lang='lat' dir='ltr'><strong>ich</strong></span> <span class='ocrx_word' id='word_1_202' title='bbox 848 3045 926 3103; x_wconf 91' lang='lat' dir='ltr'><strong>dann</strong></span> <span class='ocrx_word' id='word_1_203' title='bbox 958 3045 1034 3103; x_wconf 91' lang='lat' dir='ltr'><strong>auch</strong></span> <span class='ocrx_word' id='word_1_204' title='bbox 1062 3043 1118 3102; x_wconf 88' lang='lat' dir='ltr'><strong>frei</strong></span> <span class='ocrx_word' id='word_1_205' title='bbox 1152 3043 1216 3102; x_wconf 88' lang='lat' dir='ltr'><strong>sein</strong></span> <span class='ocrx_word' id='word_1_206' title='bbox 1240 3061 1296 3102; x_wconf 84' lang='lat' dir='ltr'><strong>von</strong></span> 
     </span>
     <span class='ocr_line' id='line_1_29' title="bbox 95 3132 1297 3211; baseline -0.002 -20"><span class='ocrx_word' id='word_1_207' title='bbox 95 3160 98 3169; x_wconf 93' lang='lat'><em>·</em></span> <span class='ocrx_word' id='word_1_208' title='bbox 176 3151 284 3209; x_wconf 85' lang='lat' dir='ltr'><strong>sorgen</strong></span> <span class='ocrx_word' id='word_1_209' title='bbox 316 3133 378 3190; x_wconf 90' lang='lat' dir='ltr'><strong>und</strong></span> <span class='ocrx_word' id='word_1_210' title='bbox 402 3132 486 3191; x_wconf 89' lang='lat' dir='ltr'><strong>nicht</strong></span> <span class='ocrx_word' id='word_1_211' title='bbox 510 3133 665 3210; x_wconf 75' lang='lat' dir='ltr'><strong>beslandig</strong></span> <span class='ocrx_word' id='word_1_212' title='bbox 697 3133 752 3191; x_wconf 88' lang='lat' dir='ltr'><strong>auf</strong></span> <span class='ocrx_word' id='word_1_213' title='bbox 772 3133 1027 3211; x_wconf 82' lang='lat' dir='ltr'><strong>kriegsma‘rschen</strong></span> <span class='ocrx_word' id='word_1_214' title='bbox 1055 3133 1117 3192; x_wconf 90' lang='lat' dir='ltr'><strong>sein</strong></span> <span class='ocrx_word' id='word_1_215' title='bbox 1141 3135 1297 3208; x_wconf 73' lang='lat' dir='ltr'><strong>mussent)</strong></span> 
     </span>
     <span class='ocr_line' id='line_1_30' title="bbox 177 3221 1298 3299; baseline -0.001 -20"><span class='ocrx_word' id='word_1_216' title='bbox 177 3222 321 3294; x_wconf 88' lang='lat' dir='ltr'><strong>Minime;</strong></span> <span class='ocrx_word' id='word_1_217' title='bbox 347 3222 448 3297; x_wconf 87' lang='lat' dir='ltr'><strong>potuit</strong></span> <span class='ocrx_word' id='word_1_218' title='bbox 464 3222 561 3281; x_wconf 90' lang='lat' dir='ltr'><strong>dicere</strong></span> <span class='ocrx_word' id='word_1_219' title='bbox 576 3222 714 3281; x_wconf 89' lang='lat' dir='ltr'><strong>Tibullus</strong></span> <span class='ocrx_word' id='word_1_220' title='bbox 732 3225 803 3281; x_wconf 91' lang='lat' dir='ltr'><strong>aut:</strong></span> <span class='ocrx_word' id='word_1_221' title='bbox 831 3223 914 3299; x_wconf 79' lang='lat' dir='ltr'><strong>„Ego</strong></span> <span class='ocrx_word' id='word_1_222' title='bbox 931 3242 1045 3298; x_wconf 91' lang='lat' dir='ltr'><strong>pauper</strong></span> <span class='ocrx_word' id='word_1_223' title='bbox 1061 3223 1188 3280; x_wconf 88' lang='lat' dir='ltr'><strong>inertem</strong></span> <span class='ocrx_word' id='word_1_224' title='bbox 1204 3221 1298 3281; x_wconf 83' lang='lat' dir='ltr'><strong>vitam</strong></span> 
     </span>
     <span class='ocr_line' id='line_1_31' title="bbox 177 3311 1298 3389; baseline -0.002 -19"><span class='ocrx_word' id='word_1_225' title='bbox 177 3312 295 3389; x_wconf 85' lang='lat' dir='ltr'><strong>degam,</strong></span> <span class='ocrx_word' id='word_1_226' title='bbox 331 3311 405 3369; x_wconf 89' lang='lat' dir='ltr'><strong>dum</strong></span> <span class='ocrx_word' id='word_1_227' title='bbox 438 3330 504 3370; x_wconf 89' lang='lat' dir='ltr'><strong>meo</strong></span> <span class='ocrx_word' id='word_1_228' title='bbox 539 3329 632 3387; x_wconf 87' lang='lat' dir='ltr'><strong>parvo</strong></span> <span class='ocrx_word' id='word_1_229' title='bbox 668 3314 825 3371; x_wconf 90' lang='lat' dir='ltr'><strong>contentus</strong></span> <span class='ocrx_word' id='word_1_230' title='bbox 862 3331 922 3371; x_wconf 88' lang='lat' dir='ltr'><strong>esse</strong></span> <span class='ocrx_word' id='word_1_231' title='bbox 944 3312 1070 3388; x_wconf 89' lang='lat' dir='ltr'><strong>possim,</strong></span> <span class='ocrx_word' id='word_1_232' title='bbox 1103 3311 1132 3369; x_wconf 93' lang='lat' dir='ltr'><strong>id</strong></span> <span class='ocrx_word' id='word_1_233' title='bbox 1157 3314 1203 3370; x_wconf 90' lang='lat' dir='ltr'><strong>est</strong></span> <span class='ocrx_word' id='word_1_234' title='bbox 1226 3312 1298 3369; x_wconf 92' lang='lat' dir='ltr'><strong>dum</strong></span> 
     </span>
     <span class='ocr_line' id='line_1_32' title="bbox 176 3400 1296 3478; baseline 0 -19"><span class='ocrx_word' id='word_1_235' title='bbox 176 3401 264 3459; x_wconf 92' lang='lat' dir='ltr'><strong>modo</strong></span> <span class='ocrx_word' id='word_1_236' title='bbox 278 3419 400 3459; x_wconf 87' lang='lat' dir='ltr'><strong>securus</strong></span> <span class='ocrx_word' id='word_1_237' title='bbox 414 3401 577 3476; x_wconf 88' lang='lat' dir='ltr'><strong>composito</strong></span> <span class='ocrx_word' id='word_1_238' title='bbox 589 3401 700 3475; x_wconf 89' lang='lat' dir='ltr'><strong>possim</strong></span> <span class='ocrx_word' id='word_1_239' title='bbox 710 3400 819 3460; x_wconf 86' lang='lat' dir='ltr'><strong>famem</strong></span> <span class='ocrx_word' id='word_1_240' title='bbox 831 3402 980 3478; x_wconf 90' lang='lat' dir='ltr'><strong>despicere</strong></span> <span class='ocrx_word' id='word_1_241' title='bbox 991 3419 1095 3460; x_wconf 85' lang='lat' dir='ltr'><strong>acervo</strong></span> <span class='ocrx_word' id='word_1_242' title='bbox 1106 3402 1147 3475; x_wconf 87' lang='lat' dir='ltr'><strong>(v.</strong></span> <span class='ocrx_word' id='word_1_243' title='bbox 1159 3404 1296 3476; x_wconf 83' lang='lat' dir='ltr'><strong>77sq.)“‚</strong></span> 
     </span>
     <span class='ocr_line' id='line_1_33' title="bbox 179 3489 1298 3566; baseline -0.003 -17"><span class='ocrx_word' id='word_1_244' title='bbox 179 3493 251 3551; x_wconf 88' lang='lat' dir='ltr'><strong>aut:</strong></span> <span class='ocrx_word' id='word_1_245' title='bbox 280 3490 347 3563; x_wconf 84' lang='lat' dir='ltr'><strong>„Me</strong></span> <span class='ocrx_word' id='word_1_246' title='bbox 369 3509 436 3547; x_wconf 90' lang='lat' dir='ltr'><strong>mea</strong></span> <span class='ocrx_word' id='word_1_247' title='bbox 458 3491 622 3565; x_wconf 91' lang='lat' dir='ltr'><strong>paupertas</strong></span> <span class='ocrx_word' id='word_1_248' title='bbox 644 3490 709 3548; x_wconf 86' lang='lat' dir='ltr'><strong>vita</strong></span> <span class='ocrx_word' id='word_1_249' title='bbox 732 3491 891 3561; x_wconf 85' lang='lat' dir='ltr'><strong>traducat,</strong></span> <span class='ocrx_word' id='word_1_250' title='bbox 922 3491 1081 3549; x_wconf 91' lang='lat' dir='ltr'><strong>dummodo</strong></span> <span class='ocrx_word' id='word_1_251' title='bbox 1106 3489 1217 3566; x_wconf 91' lang='lat' dir='ltr'><strong>possim</strong></span> <span class='ocrx_word' id='word_1_252' title='bbox 1240 3508 1298 3548; x_wconf 92' lang='lat' dir='ltr'><strong>non</strong></span> 
     </span>
     <span class='ocr_line' id='line_1_34' title="bbox 177 3578 1297 3656; baseline -0.002 -17"><span class='ocrx_word' id='word_1_253' title='bbox 177 3598 292 3654; x_wconf 90' lang='lat' dir='ltr'><strong>semper</strong></span> <span class='ocrx_word' id='word_1_254' title='bbox 315 3580 421 3656; x_wconf 86' lang='lat' dir='ltr'><strong>longae</strong></span> <span class='ocrx_word' id='word_1_255' title='bbox 458 3580 523 3638; x_wconf 88' lang='lat' dir='ltr'><strong>viae</strong></span> <span class='ocrx_word' id='word_1_256' title='bbox 547 3579 665 3638; x_wconf 88' lang='lat' dir='ltr'><strong>deditus</strong></span> <span class='ocrx_word' id='word_1_257' title='bbox 689 3583 782 3650; x_wconf 87' lang='lat' dir='ltr'><strong>esse“‚</strong></span> <span class='ocrx_word' id='word_1_258' title='bbox 808 3581 857 3639; x_wconf 88' lang='lat' dir='ltr'><strong>scd</strong></span> <span class='ocrx_word' id='word_1_259' title='bbox 885 3580 961 3638; x_wconf 93' lang='lat' dir='ltr'><strong>illud</strong></span> <span class='ocrx_word' id='word_1_260' title='bbox 984 3580 1080 3639; x_wconf 88' lang='lat' dir='ltr'><strong>dicere</strong></span> <span class='ocrx_word' id='word_1_261' title='bbox 1104 3598 1163 3638; x_wconf 89' lang='lat' dir='ltr'><strong>non</strong></span> <span class='ocrx_word' id='word_1_262' title='bbox 1186 3578 1297 3653; x_wconf 87' lang='lat' dir='ltr'><strong>potuit,</strong></span> 
     </span>
     <span class='ocr_line' id='line_1_35' title="bbox 177 3668 1298 3746; baseline -0.001 -19"><span class='ocrx_word' id='word_1_263' title='bbox 177 3688 239 3728; x_wconf 91' lang='lat' dir='ltr'><strong>sese</strong></span> <span class='ocrx_word' id='word_1_264' title='bbox 255 3687 417 3744; x_wconf 90' lang='lat' dir='ltr'><strong>pauperem</strong></span> <span class='ocrx_word' id='word_1_265' title='bbox 432 3668 559 3726; x_wconf 89' lang='lat' dir='ltr'><strong>inertem</strong></span> <span class='ocrx_word' id='word_1_266' title='bbox 583 3668 679 3727; x_wconf 86' lang='lat' dir='ltr'><strong>vitam</strong></span> <span class='ocrx_word' id='word_1_267' title='bbox 701 3669 807 3746; x_wconf 88' lang='lat' dir='ltr'><strong>degere</strong></span> <span class='ocrx_word' id='word_1_268' title='bbox 831 3668 917 3740; x_wconf 77' lang='lat' dir='ltr'><strong>velle,</strong></span> <span class='ocrx_word' id='word_1_269' title='bbox 942 3670 1028 3728; x_wconf 90' lang='lat' dir='ltr'><strong>modo</strong></span> <span class='ocrx_word' id='word_1_270' title='bbox 1051 3668 1122 3728; x_wconf 92' lang='lat' dir='ltr'><strong>belli</strong></span> <span class='ocrx_word' id='word_1_271' title='bbox 1145 3669 1298 3728; x_wconf 87' lang='lat' dir='ltr'><strong>laboribus</strong></span> 
     </span>
     <span class='ocr_line' id='line_1_36' title="bbox 177 3756 1297 3834; baseline -0.001 -18"><span class='ocrx_word' id='word_1_272' title='bbox 177 3759 254 3816; x_wconf 89' lang='lat' dir='ltr'><strong>liber</strong></span> <span class='ocrx_word' id='word_1_273' title='bbox 285 3759 371 3816; x_wconf 89' lang='lat' dir='ltr'><strong>esset.</strong></span> <span class='ocrx_word' id='word_1_274' title='bbox 426 3756 490 3815; x_wconf 91' lang='lat' dir='ltr'><strong>Una</strong></span> <span class='ocrx_word' id='word_1_275' title='bbox 523 3757 619 3834; x_wconf 85' lang='lat' dir='ltr'><strong>igitur</strong></span> <span class='ocrx_word' id='word_1_276' title='bbox 650 3776 721 3817; x_wconf 86' lang='lat' dir='ltr'><strong>voce</strong></span> <span class='ocrx_word' id='word_1_277' title='bbox 756 3758 884 3832; x_wconf 82' lang='lat' dir='ltr'><strong>„inerti“</strong></span> <span class='ocrx_word' id='word_1_278' title='bbox 918 3777 1022 3817; x_wconf 87' lang='lat' dir='ltr'><strong>versus</strong></span> <span class='ocrx_word' id='word_1_279' title='bbox 1057 3764 1074 3822; x_wconf 84' lang='lat'>5</span> <span class='ocrx_word' id='word_1_280' title='bbox 1105 3760 1201 3818; x_wconf 83' lang='lat' dir='ltr'><strong>totam</strong></span> <span class='ocrx_word' id='word_1_281' title='bbox 1233 3777 1297 3817; x_wconf 90' lang='lat' dir='ltr'><strong>sen-</strong></span> 
     </span>
     <span class='ocr_line' id='line_1_37' title="bbox 177 3846 1298 3922; baseline 0 -16"><span class='ocrx_word' id='word_1_282' title='bbox 177 3846 305 3906; x_wconf 90' lang='lat' dir='ltr'><strong>tentiam</strong></span> <span class='ocrx_word' id='word_1_283' title='bbox 320 3847 454 3922; x_wconf 82' lang='lat' dir='ltr'><strong>perverti</strong></span> <span class='ocrx_word' id='word_1_284' title='bbox 470 3847 569 3918; x_wconf 84' lang='lat' dir='ltr'><strong>vides3</strong></span> <span class='ocrx_word' id='word_1_285' title='bbox 596 3867 687 3922; x_wconf 89' lang='lat' dir='ltr'><strong>quam</strong></span> <span class='ocrx_word' id='word_1_286' title='bbox 703 3867 771 3906; x_wconf 91' lang='lat' dir='ltr'><strong>cum</strong></span> <span class='ocrx_word' id='word_1_287' title='bbox 787 3848 881 3907; x_wconf 90' lang='lat' dir='ltr'><strong>eicere</strong></span> <span class='ocrx_word' id='word_1_288' title='bbox 900 3868 959 3907; x_wconf 94' lang='lat' dir='ltr'><strong>non</strong></span> <span class='ocrx_word' id='word_1_289' title='bbox 983 3848 1080 3920; x_wconf 88' lang='lat' dir='ltr'><strong>liceat,</strong></span> <span class='ocrx_word' id='word_1_290' title='bbox 1104 3849 1298 3907; x_wconf 90' lang='lat' dir='ltr'><strong>statuendum</strong></span> 
     </span>
    </p>
   </div>
   <div class='ocr_carea' id='block_1_6' title="bbox 178 4075 1300 4347">
    <p class='ocr_par' dir='ltr' id='par_1_9' title="bbox 178 4075 1300 4347">
     <span class='ocr_line' id='line_1_38' title="bbox 268 4075 1300 4149; baseline 0.002 -21"><span class='ocrx_word' id='word_1_291' title='bbox 268 4075 293 4142; x_wconf 88' lang='lat'><strong>1)</strong></span> <span class='ocrx_word' id='word_1_292' title='bbox 317 4077 394 4141; x_wconf 80' lang='lat' dir='ltr'><strong>„Mea</strong></span> <span class='ocrx_word' id='word_1_293' title='bbox 404 4075 573 4147; x_wconf 86' lang='lat' dir='ltr'><strong>paupertas“</strong></span> <span class='ocrx_word' id='word_1_294' title='bbox 590 4095 646 4132; x_wconf 91' lang='lat' dir='ltr'><strong>non</strong></span> <span class='ocrx_word' id='word_1_295' title='bbox 665 4078 694 4131; x_wconf 92' lang='lat' dir='ltr'><strong>id</strong></span> <span class='ocrx_word' id='word_1_296' title='bbox 713 4081 756 4132; x_wconf 85' lang='lat' dir='ltr'><strong>est</strong></span> <span class='ocrx_word' id='word_1_297' title='bbox 774 4079 848 4146; x_wconf 92' lang='lat' dir='ltr'><strong>quod</strong></span> <span class='ocrx_word' id='word_1_298' title='bbox 861 4078 1003 4132; x_wconf 87' lang='lat' dir='ltr'><strong>Dissenius</strong></span> <span class='ocrx_word' id='word_1_299' title='bbox 1018 4081 1046 4132; x_wconf 86' lang='lat' dir='ltr'><strong>et</strong></span> <span class='ocrx_word' id='word_1_300' title='bbox 1058 4077 1177 4131; x_wconf 89' lang='lat' dir='ltr'><strong>Haasius</strong></span> <span class='ocrx_word' id='word_1_301' title='bbox 1197 4075 1254 4149; x_wconf 86' lang='lat' dir='ltr'><strong>(pg.</strong></span> <span class='ocrx_word' id='word_1_302' title='bbox 1267 4079 1300 4131; x_wconf 88' lang='grc'><strong>14</strong></span> 
     </span>
     <span class='ocr_line' id='line_1_39' title="bbox 178 4148 1299 4219; baseline 0.001 -17"><span class='ocrx_word' id='word_1_303' title='bbox 178 4149 382 4203; x_wconf 86' lang='lat' dir='ltr'><strong>dissertationis</strong></span> <span class='ocrx_word' id='word_1_304' title='bbox 402 4148 685 4218; x_wconf 87' lang='lat' dir='ltr'><strong>supramemoratae)</strong></span> <span class='ocrx_word' id='word_1_305' title='bbox 705 4150 916 4214; x_wconf 88' lang='lat' dir='ltr'><strong>intellexerunt,</strong></span> <span class='ocrx_word' id='word_1_306' title='bbox 936 4150 1030 4219; x_wconf 90' lang='lat' dir='ltr'><strong>inopia</strong></span> <span class='ocrx_word' id='word_1_307' title='bbox 1048 4150 1093 4203; x_wconf 87' lang='lat' dir='ltr'><strong>vel</strong></span> <span class='ocrx_word' id='word_1_308' title='bbox 1113 4153 1231 4218; x_wconf 83' lang='lat' dir='ltr'><strong>egestas,</strong></span> <span class='ocrx_word' id='word_1_309' title='bbox 1251 4150 1299 4205; x_wconf 90' lang='lat' dir='ltr'><strong>sed</strong></span> 
     </span>
     <span class='ocr_line' id='line_1_40' title="bbox 178 4221 1298 4346; baseline 0.003 -72"><span class='ocrx_word' id='word_1_310' title='bbox 178 4238 265 4345; x_wconf 57' lang='lat' dir='ltr'><strong>plarva</strong></span> <span class='ocrx_word' id='word_1_311' title='bbox 284 4238 408 4346; x_wconf 58' lang='lat' dir='ltr'><strong>meaffiges</strong></span> <span class='ocrx_word' id='word_1_312' title='bbox 427 4221 583 4286; x_wconf 85' lang='lat' dir='ltr'><strong>familiaris,</strong></span> <span class='ocrx_word' id='word_1_313' title='bbox 603 4240 721 4292; x_wconf 88' lang='lat' dir='ltr'><strong>parvum</strong></span> <span class='ocrx_word' id='word_1_314' title='bbox 739 4238 841 4287; x_wconf 90' lang='lat' dir='ltr'><strong>meum,</strong></span> <span class='ocrx_word' id='word_1_315' title='bbox 860 4224 892 4275; x_wconf 87' lang='lat' dir='ltr'><strong>ut</strong></span> <span class='ocrx_word' id='word_1_316' title='bbox 911 4239 960 4276; x_wconf 85' lang='lat' dir='ltr'><strong>nos</strong></span> <span class='ocrx_word' id='word_1_317' title='bbox 980 4221 1111 4276; x_wconf 90' lang='lat' dir='ltr'><strong>dicimus:</strong></span> <span class='ocrx_word' id='word_1_318' title='bbox 1136 4221 1212 4276; x_wconf 90' lang='lat' dir='ltr'><strong>mein</strong></span> <span class='ocrx_word' id='word_1_319' title='bbox 1230 4222 1298 4277; x_wconf 86' lang='lat' dir='ltr'><strong>biss-</strong></span> 
     </span>
     <span class='ocr_line' id='line_1_41' title="bbox 178 4309 387 4347; baseline 0 0"><span class='ocrx_word' id='word_1_320' title='bbox 178 4309 193 4347; x_wconf 91' lang='lat' dir='ltr'><strong>c</strong></span> <span class='ocrx_word' id='word_1_321' title='bbox 214 4309 249 4346; x_wconf 91' lang='lat' dir='ltr'><strong>cn</strong></span> <span class='ocrx_word' id='word_1_322' title='bbox 267 4309 347 4345; x_wconf 90' lang='lat' dir='ltr'><strong>armu</strong></span> <span class='ocrx_word' id='word_1_323' title='bbox 381 4333 387 4347; x_wconf 86' lang='lat'><strong>.</strong></span> 
     </span>
    </p>
   </div>
   <div class='ocr_carea' id='block_1_7' title="bbox 0 0 1484 5026">
    <p class='ocr_par' dir='ltr' id='par_1_10' title="bbox 0 0 1484 5026">
     <span class='ocr_line' id='line_1_42' title="bbox 0 0 1484 5026; baseline 0 0"><span class='ocrx_word' id='word_1_324' title='bbox 0 0 1484 5026; x_wconf 95' lang='lat' dir='ltr'><strong> </strong></span> 
     </span>
    </p>
   </div>
  </div>
 </body>
</html>
