2946 5026
630 371 847 430 ..23-

178 546 210 602 ct
232 541 291 600 iam
314 542 489 603 Franciscus
512 543 641 604 Puocius
664 541 835 602 coniectura
866 546 1021 603 assecutus
1044 541 1155 626 erat¹))
1179 543 1300 604 exhibet

177 632 279 693 huno:

339 719 484 780 Securum
507 722 538 780 in
563 720 693 782 tenebris
716 739 764 780 me
787 718 861 780 facit
884 740 946 781 esse
969 721 1081 792 Venus,

178 808 233 884 qui
272 827 377 869 versus
414 809 493 870 idem
525 811 556 870 in
594 811 694 870 codice
727 810 754 867 V
792 830 884 870 manu
914 811 1044 871 secunda
1082 810 1202 870 additus
1242 813 1296 870 est.

178 897 380 957 ParisinusB
412 899 551 960 lacunam
581 900 665 960 illam
696 899 830 978 itemque
861 900 1025 960 Vaticanus
1057 904 1144 965 2794
1177 899 1298 975 supple-

177 989 289 1047 verunt
312 987 369 1046 ita:

338 1076 394 1137 Ille
417 1077 490 1137 deus
514 1079 613 1138 certae
636 1079 689 1137 dat
711 1077 784 1136 mihi
808 1077 894 1154 signa
918 1077 995 1149 viae,
1112 1142 1114 1147 ,

177 1164 209 1222 in
241 1164 394 1226 codicibus
424 1166 552 1243 denique
585 1185 716 1243 quorum
748 1185 924 1227 consensum
955 1167 1059 1226 littera
1090 1164 1112 1224 O
1142 1165 1300 1245 insignivit

176 1253 398 1327 Lachmannus,
423 1255 552 1316 Thomae
568 1255 694 1316 Senecae
710 1254 886 1333 camertis²)
910 1257 1110 1316 commentum
1127 1258 1210 1314 extat
1225 1255 1297 1316 hoc:

316 1373 318 1380 v
340 1344 491 1404 Praesidio
515 1346 610 1406 noctis
633 1345 728 1405 sentio
753 1347 854 1405 adesse
876 1347 972 1405 deam.

177 1433 327 1494 Jovianus
350 1434 506 1494 Pontanus
537 1435 568 1494 in
593 1434 619 1494 G
642 1434 750 1494 codicis
774 1435 881 1494 lacuna
905 1434 1052 1494 addiditt·

341 1523 444 1601 Usque
467 1543 568 1583 meum
591 1527 692 1584 custos
716 1524 753 1583 ad
776 1525 856 1583 latus
880 1525 984 1584 haeret
1008 1542 1099 1582 amor.

267 1612 302 1670 ln
327 1613 432 1672 ceteris
456 1613 608 1674 codicibus
631 1615 703 1673 haec
726 1614 774 1672 vel
795 1613 854 1673 alia
869 1613 1076 1690 supplementa
1090 1611 1297 1684 inveniuntur,

177 1703 263 1762 velut
286 1702 317 1760 in
341 1702 440 1762 codice
462 1702 662 1763 bibliothecae
684 1703 891 1762 universitatis
914 1702 1097 1762 Monacensis
1121 1701 1169 1760 hic
1192 1720 1298 1762 versus

176 1791 310 1870 legitur:

338 1880 406 1939 Non
430 1881 503 1939 mihi
527 1883 613 1940 nocte
636 1880 732 1957 quieS,
755 1901 815 1941 non
838 1881 912 1939 mihi
935 1882 1022 1940 nocte
1045 1897 1141 1955 sopor.

176 1969 288 2029 Contra
318 1969 349 2028 in
381 1970 481 2030 tribus
503 1971 581 2042 illis,
614 1989 744 2047 quorum
766 1970 908 2031 lectiones
931 1969 1093 2029 Baehrensi
1116 1987 1223 2044 operae
1246 1969 1297 2027 de-

174 2060 291 2132 bemus,
316 2059 468 2119 codicibus
483 2059 559 2118 nihil
576 2059 638 2119 tale
654 2061 751 2137 prima
765 2080 858 2120 manu
873 2059 1021 2136 scriptum
1044 2059 1129 2134 potes
1152 2057 1296 2134 reperire:

175 2147 291 2208 codices
323 2149 351 2206 A
375 2149 455 2208 etV
486 2149 549 2208 sine
571 2149 730 2210 intervallo
763 2167 867 2209 versus
892 2155 932 2214 25
966 2150 996 2208 et
1027 2151 1067 2211 27
1097 2147 1297 2225 coniungunt,

175 2237 239 2312 (ille
255 2240 375 2296 tantum
392 2238 423 2296 in
446 2238 581 2317 margine
604 2239 790 2316 adscriptum
813 2239 933 2298 exhibet
960 2235 1111 2312 ,deficit“,
1136 2236 1184 2296 hic
1206 2255 1298 2295 manu

174 2327 340 2402 posteriore
363 2327 513 2405 Aurispae
534 2331 735 2388 commentum
748 2330 894 2405 praebet),
914 2326 1171 2402 Guelferbytanus
1195 2329 1298 2385 autem

174 2415 375 2475 interstitium
390 2417 481 2476 unius
497 2434 601 2477 versus
618 2418 752 2495 reliquit,
777 2418 808 2476 in
832 2437 891 2493 quo
915 2415 1044 2475 Pontani
1067 2434 1183 2491 versuS,
1208 2434 1298 2492 quem

174 2523 267 2581 supra
290 2506 463 2578 memoravi,
488 2506 584 2566 altera
607 2526 699 2566 manu
723 2508 843 2567 additus
867 2508 922 2566 est.

265 2594 425 2655 Praeterea
454 2599 522 2672 post
552 2613 674 2656 versum
703 2596 746 2668 H,
772 2602 802 2671 3,
830 2602 868 2661 15
903 2595 993 2655 codex
1025 2595 1053 2652 A
1076 2593 1181 2654 statim
1213 2593 1297 2651 nullo

173 2683 340 2743 interstitio
363 2685 468 2745 relicto
492 2685 616 2761 praebet
638 2704 760 2745 versum
788 2690 838 2759 16,
863 2683 889 2743 G
912 2685 943 2744 in
967 2684 1063 2762 spatio
1088 2684 1184 2743 altera
1206 2701 1298 2741 manu
1416 2676 1419 2683 ’

173 2773 321 2849 scriptum
345 2774 465 2833 exhibet
488 2774 617 2832 Pontani
640 2793 778 2834 versum:

335 2861 372 2920 In
395 2881 501 2923 nemus
525 2865 556 2923 et
577 2867 679 2939 pastas
702 2863 772 2924 inde
795 2864 906 2924 referre
929 2864 1070 2936 domum;

173 2952 280 3011 deinde
303 2951 388 3029 signo
413 2951 549 3029 apposito
573 2953 605 3010 in
627 2953 764 3030 margine
786 2953 927 3014 inferiore
946 2954 1049 3013 eadem
1064 2969 1170 3011 manus
1189 2949 1298 3010 adiecit

173 3041 244 3115 hos,
279 3060 354 3116 quos
377 3042 451 3103 item
474 3063 492 3101 a
515 3041 651 3102 Pontano
684 3043 839 3119 suppletos
873 3061 935 3103 esse
962 3045 1093 3102 testatur
1119 3040 1296 3102 Franciscus

173 3130 321 3191 Puccius:

333 3219 401 3296 Ipse
425 3222 456 3279 et
478 3221 631 3296 spumanti
654 3221 769 3298 primus
792 3221 950 3281 multralia
973 3238 1061 3281 succo

381 3308 523 3385 Implesse
548 3311 693 3387 expressis
716 3310 813 3369 fertur
838 3313 875 3371 ab
898 3310 1072 3373 huberibus.

171 3397 339 3458 Vaticanus
362 3398 390 3455 V
414 3416 519 3458 versus
541 3399 610 3459 inde
634 3420 651 3458 a
675 3400 805 3460 carmine
829 3399 870 3472 II,
897 3406 926 3472 2,
953 3405 994 3464 20
1017 3417 1114 3476 usque
1137 3397 1174 3456 ad
1196 3397 1238 3470 II,
1264 3401 1294 3468 3,

173 3492 214 3551 53
240 3487 358 3560 omisit3
383 3488 548 3548 Vaticanus
568 3493 654 3553 2794
677 3492 780 3549 contra
802 3490 857 3550 hoc
880 3490 944 3549 loco
967 3487 1150 3564 interposuit
1166 3485 1295 3549 Senecae
1337 3548 1338 3551 ,

171 3580 388 3635 commentum:

334 3682 473 3743 Creditur
496 3684 531 3742 ad
556 3683 716 3745 mulctram
740 3685 931 3745 constituisse
954 3684 1048 3762 prius,

264 3910 290 3979 1)
309 3913 381 3968 Vide
400 3912 573 3968 Lachmanni
592 3916 720 3982 apparat.
740 3913 802 3968 crit.
822 3914 858 3967 ad
877 3913 951 3968 hunc
969 3914 1069 3967 locum.

262 3999 289 4068 2)
309 4003 351 4057 De
370 4020 424 4072 quo
443 4003 598 4057 carminum
616 4003 817 4073 interpolatore
836 4005 910 4057 circa
937 4021 962 4057 a.
983 4002 1052 4055 1392
1070 4005 1153 4068 nato,
1179 4021 1203 4057 a.
1224 4002 1291 4057 1431

172 4093 201 4128 m
242 4074 308 4129 ‘stro
331 4074 443 4144 publico
471 4074 547 4128 orbis
566 4075 721 4140 Bononiae,
740 4078 805 4144 post
823 4093 848 4129 a.
869 4074 938 4127 1454
962 4074 1082 4128 Arimini
1109 4077 1218 4129 mortuo
1244 4076 1292 4129 cfr.

172 4145 204 4200 G.
251 4145 320 4215 oigt,
345 4147 363 4200 l.
383 4164 406 4200 c.
425 4164 471 4216 pg.
492 4145 544 4198 583
563 4164 623 4215 sqq.
644 4150 672 4200 et
697 4148 768 4216 Ang.
787 4146 945 4218 Battaglini
965 4147 1039 4220 apud
1058 4146 1203 4203 Basinium
1224 4139 1291 4218 'opp

172 4217 349 4291 tom.11pg.
373 4221 394 4287 l,
413 4237 459 4292 pg.
480 4219 522 4284 91,
541 4218 661 4274 Arimini
680 4219 757 4275 1794.
