2946 5026
506 398 724 456 ..33-

53 572 108 632 illa
129 572 295 633 lactionum
307 572 475 632 communio
499 571 541 631 sio
565 571 715 646 explicari,
740 573 777 629 ut
792 570 820 628 A
837 572 867 628 et
881 569 907 627 B
923 589 958 629 ex
974 588 1035 628 uno
1059 569 1176 628 eodem-

54 682 115 739 que
130 662 214 722 fonte
229 680 364 721 manasse
380 664 510 737 ponatur
519 663 551 736 ¹).
585 659 670 730 Quod
687 661 711 720 si
724 679 831 720 verum
855 663 941 733 esset,
966 659 1021 718 hoc
1044 658 1176 716 familiae
1267 716 1270 721 ,
1339 718 1344 735 ¹

53 751 82 809 Y
106 752 246 811 evaderet
268 754 410 810 stemma:

146 1267 204 1329 Sed
236 1271 296 1329 iam
327 1272 403 1330 hanc
427 1271 605 1330 sententiam
636 1269 808 1328 certissimis
838 1266 1023 1344 argumentis
1046 1265 1181 1323 refutare

54 1359 136 1418 licet.
183 1359 263 1417 Nam
287 1379 482 1435 quascunque
513 1358 608 1417 altera
640 1358 747 1418 codicis
781 1356 971 1415 Ambrosiani
999 1373 1106 1412 manus
1131 1374 1180 1412 ex-

56 1448 142 1508 hibet
165 1448 317 1518 lectiones,
342 1468 442 1508 omnes
466 1449 582 1507 ferein
599 1449 733 1507 Parisino
754 1444 992 1522 inveniunturl).
1024 1443 1078 1518 IV,
1096 1450 1124 1514 1,
1139 1448 1180 1506 70

56 1537 88 1595 in
104 1538 207 1597 codice
223 1539 386 1615 archetypo
400 1538 428 1596 Y
447 1539 629 1612 „terminae“
652 1540 808 1596 exaratum
824 1526 916 1594 fuisse
933 1555 968 1594 ex
991 1533 1181 1593 consensione

56 1626 206 1687 librorum
236 1627 264 1685 A
288 1630 318 1686 et
342 1627 369 1685 V
400 1627 597 1704 perspicitur3
631 1626 656 1684 B
688 1646 759 1686 vero
790 1626 914 1700 praebet
946 1622 1180 1700 „tergeminae“,

57 1735 128 1775 cum
152 1715 198 1774 Α2
221 1717 338 1777 litteras
364 1721 440 1795 „ge“
467 1735 558 1793 supra
582 1716 739 1775 addiderit.
773 1715 798 1786 Ι,
825 1721 854 1787 7,
881 1719 898 1777 G
924 1712 1004 1772 Gde
1036 1713 1181 1770 tradunt:

59 1807 203 1877 evinctos,
228 1802 305 1866 A¹c:
332 1807 452 1879 evictos,
478 1807 559 1881 quod
582 1806 673 1864 etiam
696 1806 727 1863 in
749 1804 776 1861 V
800 1803 934 1863 extitisse
957 1802 1088 1874 videtur,
1114 1820 1183 1860 oum
1279 1858 1280 1862 ,

58 1915 139 1955 nunc
163 1895 317 1955 exhibeat:
342 1896 484 1969 {victos
509 1915 570 1953 una
592 1895 696 1954 littera
720 1912 822 1965 erasa,
852 1890 891 1951 A¹
916 1892 1052 1967 scripsit:
1079 1893 1182 1959 victos,

58 1985 140 2062 quod
164 1986 201 2044 ab
224 1980 263 2043 ΑΙ
286 1985 318 2043 in
356 1981 510 2059 ,Ῐένῑοῒιοεα
537 1986 755 2043 commutatum
779 1986 834 2041 est.
878 1982 964 2041 Unde
988 1983 1127 2057 apparet,
1151 1979 1183 2036 in

57 2074 86 2132 Y
109 2074 258 2134 traditum
281 2074 373 2134 fuisse
400 2074 571 2148 „evinctos“
605 2093 702 2148 nequa
726 2071 897 2132 Parisinum
919 2071 1076 2129 lectionem
1099 2088 1184 2128 suam

57 2164 241 2242 singularem
270 2164 448 2237 „invilotos“
476 2164 595 2222 aliunde
618 2163 753 2239 potuisse
777 2161 909 2237 accipere
933 2160 990 2219 nisi
1015 2179 1049 2216 ex
1073 2155 1121 2216 Ab

149 2271 206 2331 His
231 2272 372 2348 exemplis
396 2270 566 2330 codicemB
591 2290 625 2328 ex
643 2269 839 2334 Ambrosiano
864 2267 1047 2343 descriptum
1071 2284 1132 2324 esse
1150 2284 1183 2324 eo

59 2364 211 2438 tempore,
245 2380 305 2436 quo
340 2361 388 2420 hic
422 2361 482 2418 iam
513 2360 637 2418 alterius
668 2376 775 2417 manus
800 2357 1019 2416 emendationes
1045 2358 1183 2431 expertus

60 2455 142 2524 erat,
176 2451 249 2510 satis
272 2451 393 2527 probari
417 2449 557 2508 arbitror.
605 2446 663 2506 Sed
686 2452 843 2523 utcunque
866 2464 912 2504 res
937 2465 967 2505 se
991 2446 1097 2516 habet,
1122 2445 1183 2503 sive

59 2559 95 2599 ex
118 2541 196 2600 libro
220 2539 248 2597 A
271 2539 334 2600 sive
366 2559 400 2598 ex
433 2538 491 2597 alio
525 2538 589 2596 eius
622 2537 773 2596 simillimo
805 2538 971 2611 prognatus
995 2537 1058 2607 est,
1089 2533 1120 2590 in
1152 2553 1184 2592 re

58 2629 165 2688 critica
188 2629 354 2688 factitando
378 2629 440 2686 sine
463 2627 527 2684 ulla
549 2626 739 2685 dubitatione
761 2628 861 2702 potest
886 2625 973 2683 abici.
1005 2623 1085 2682 Nam
1109 2642 1184 2698 quas

60 2718 183 2778 exhibet
213 2719 354 2777 lectiones
383 2717 440 2776 sibi
464 2716 614 2791 proprias,
641 2717 678 2773 ad
701 2735 793 2774 unam
817 2734 917 2773 omnes
941 2713 1027 2771 foeda
1051 2714 1183 2788 interpo-

59 2807 174 2867 latione
206 2810 326 2866 exortae
358 2808 439 2864 sunt.
487 2805 620 2864 Afferam
643 2805 759 2879 aliquot
790 2824 825 2863 ex
849 2802 1076 2880 insignissimis:
1101 2802 1125 2874 Ι,
1152 2807 1181 2874 2,

64 2902 122 2961 18:
147 2897 222 2955 falso
245 2897 343 2967 dente,
368 2893 476 2956 ceteri:
500 2894 559 2952 fixo
583 2895 679 2953 dente.
711 2893 735 2966 Ι,
762 2899 791 2966 2,
818 2895 876 2956 73:
906 2891 1048 2962 tenuisse,
1073 2891 1182 2950 ceteri:

60 2986 201 3046 retinere.
237 2985 261 3059 Ι,
288 2990 317 3055 3,
344 2989 402 3048 34;
427 2984 663 3052 maculatum,
689 2983 769 3058 quod
793 3003 807 3041 e
827 2981 943 3058 Vergili
968 2980 1059 3058 eclog.
1086 2985 1115 3050 8,
1142 2985 1182 3043 65

60 3076 126 3136 sivo
141 3073 230 3134 Ovidi
246 3075 322 3134 med.
339 3073 396 3132 fac.
415 3078 456 3137 94
480 3073 590 3147 petivit
613 3073 772 3142 librarius3
797 3071 906 3130 ceteri:
932 3074 1085 3129 menstrua
1101 3074 1182 3128 tura.

59 3164 85 3236 I,
114 3169 143 3238 3,
169 3169 229 3228 37:
263 3166 471 3239 conspexerat,
504 3162 611 3221 ceteri:
646 3163 873 3237 contempserat.
905 3160 930 3232 I,
956 3165 986 3232 4,
1014 3165 1071 3223 55:
1104 3161 1182 3234 post,

60 3253 172 3314 ceteri:
197 3272 275 3315 mox.
311 3251 367 3325 III,
393 3256 423 3322 4,
452 3255 509 3314 16:
542 3251 673 3327 magicos
697 3251 784 3321 deos,
809 3249 918 3308 ceteri:
952 3267 1075 3325 magnos
1105 3248 1182 3307 deos.

59 3341 119 3416 III,
147 3347 176 3413 3,
203 3346 238 3405 2:
263 3341 378 3414 tulisse,
403 3340 512 3398 ceteri:
544 3340 668 3399 dedisse.
701 3338 757 3412 ΙΙΙ,
783 3344 813 3410 4,
840 3343 898 3402 58;
931 3338 1049 3407 maluit,
1075 3337 1183 3396 ceteri:

59 3430 191 3494 mavult.
222 3430 280 3502 III,
305 3435 335 3501 6,
361 3435 422 3493 41:
454 3425 554 3492 mimir
578 3428 658 3500 antei,
684 3428 791 3488 ceteri:
823 3426 925 3484 minoi.
973 3427 1101 3484 Versum
1133 3426 1184 3485 de-

59 3522 155 3597 nique
177 3518 232 3590 IV,
259 3526 286 3590 l,
314 3516 389 3582 112¹³
412 3518 500 3593 plane
524 3518 633 3576 omisit.
670 3517 777 3592 Neque
801 3520 912 3588 tamen,
937 3516 1016 3575 siout
1031 3516 1062 3573 in
1079 3515 1185 3574 ceteris

59 3609 244 3670 Lachmanni
276 3608 426 3668 codicibus
458 3606 575 3665 factum
598 3607 736 3676 videtur,
770 3607 861 3664 codex
884 3604 909 3661 B
934 3623 968 3662 ex
992 3605 1116 3663 alterius
1140 3604 1184 3661 fa-

59 3699 163 3758 miliae
187 3698 264 3757 libro
297 3697 398 3773 aliquo
430 3699 616 3755 correcturas
641 3700 796 3771 expertus,
826 3696 877 3753 sed
900 3694 1108 3753 tantummodo
1132 3694 1185 3752 ho·

60 3789 179 3848 minum
210 3788 367 3847 doctorum
398 3786 654 3845 emendationibus
686 3806 721 3845 ex
751 3784 870 3862 ingenio
902 3784 1005 3860 potitis
1029 3785 1185 3842 contactus

154 4016 181 4084 1)
200 4003 244 4072 ra
262 4016 399 4070 iudicasse
417 4016 498 4070 video
517 4016 555 4070 u.
574 4016 783 4069 asisanum
801 4034 848 4085 pg.
868 4015 901 4067 59
921 4032 961 4083 sq.

154 4112 181 4181 2)
200 4116 233 4171 ln
255 4132 310 4168 uno
335 4132 417 4170 versu
441 4115 488 4180 IV,
510 4115 538 4180 1,
560 4113 623 4178 110,
650 4114 672 4166 Β
698 4131 761 4168 cum
784 4113 876 4183 priore
901 4112 1078 4166 Ambrosiani
1101 4130 1185 4165 manu

65 4192 162 4243 contra
181 4188 299 4242 alteram
319 4185 469 4255 conspirat,
489 4186 518 4239 id
537 4186 611 4254 quod
632 4202 663 4240 eo
682 4186 789 4239 factum
811 4184 936 4250 videtur,
963 4183 1037 4253 quod
1056 4182 1185 4237 librarius

67 4259 167 4314 codicis
186 4258 307 4313 Parisini
325 4257 474 4312 lectionem
493 4253 542 4310 A²:
565 4255 719 4326 ,arupinis“
741 4256 906 4325 intellegere
925 4255 1060 4323 nequivit.

1008 4344 1024 4396 3
