2946 5026
621 288 839 346 -49„.

177 462 237 534 III,
263 466 366 534 sall:
391 481 496 521 cavere
518 462 587 520 Par.
613 462 689 521 Fris.
714 462 738 520 F
765 495 802 507 -
828 481 929 521 carere
952 459 987 520 0.

182 577 238 651 IV,
266 584 293 651 1,
308 583 369 642 391
394 579 537 638 castrisue
560 578 628 636 Par.
656 613 695 623 —
721 577 849 637 cartisve
873 575 907 636 Ο.

265 672 428 743 1,8Ἱε(].1
454 667 578 732 Ut...
604 667 730 726 utPar.
758 702 796 710 -
822 666 972 729 Eu...
997 663 1086 725 eto,

265 763 291 830 l,
307 761 366 820 96:
392 757 502 816 Veniat
526 757 635 835 gravis,
659 756 727 815 Par.
752 756 776 814 F
802 789 842 799 ·-
868 755 989 833 grandis
1013 755 1097 814 venit
1120 752 1155 813 Ο.

265 852 292 920 Ι,
308 850 367 910 98:
393 847 515 906 veniant
538 846 606 904 Par.
635 881 668 889 —
698 845 818 905 venient
842 844 877 904 Ο.

266 942 292 1009 l,
310 940 387 999 102:
412 939 448 994 ut
471 936 539 994 Par.
563 935 588 993 F
615 972 654 981 -
678 935 709 994 in
733 933 767 993 Ο.

266 1029 390 1093 1‚104:
415 1025 527 1085 Dexter
550 1024 597 1084 uti
619 1023 688 1084 Par.
713 1024 737 1082 F
767 1059 799 1067 -
828 1023 1019 1100 Dexteraque
1041 1025 1078 1082 ut
1102 1021 1169 1099 0.¹)

261 1194 326 1254 Hae
359 1195 499 1254 lectiones
528 1195 659 1270 optimae
692 1194 772 1253 unde
805 1193 954 1268 profectae
987 1193 1062 1264 siut,
1098 1211 1178 1250 nunc
1208 1191 1293 1251 nobis

171 1284 377 1361 quaerendum
402 1287 455 1343 est.
503 1283 729 1343 Consensionem
753 1283 854 1357 illam,
880 1303 971 1359 quam
995 1282 1199 1358 compluribus
1222 1281 1294 1366 locis

171 1393 265 1450 supra
296 1374 397 1432 allatis
427 1373 496 1448 (ΙΙΙ,
523 1378 552 1447 6,
578 1379 629 1437 44.
661 1373 715 1444 IV,
745 1378 772 1444 l,
799 1378 849 1436 96.
879 1377 949 1436 102.
979 1374 1054 1447 104)
1086 1371 1117 1429 in
1149 1370 1294 1446 excerptis

172 1482 241 1524 cum
265 1462 435 1539 fragmento
459 1461 620 1523 Ouiaciano
644 1462 907 1537 deprehendimuS,
940 1481 1001 1537 qua
1032 1464 1135 1520 contra
1159 1459 1293 1519 codicum

171 1552 361 1629 integrorum
391 1552 597 1610 testimonium
629 1552 797 1629 singulares
828 1551 994 1625 scripturas
1026 1569 1137 1626 easque
1169 1567 1227 1608 non
1251 1549 1295 1608 ita

172 1641 311 1717 paullum
343 1662 360 1700 a
391 1641 497 1700 ceteris
528 1641 729 1717 discrepantes
760 1641 840 1699 tradi
876 1641 1031 1713 videmus,
1065 1640 1144 1698 forte
1173 1639 1295 1697 fortuna

172 1731 319 1807 ingeniosi
352 1730 480 1789 hominis
512 1730 689 1790 coniecturis
723 1730 859 1789 effectam
891 1748 970 1802 esse,
1003 1729 1082 1788 credi
1111 1728 1161 1787 vix
1185 1731 1293 1803 potest.

172 1820 370 1896 Reliquarum
395 1820 473 1877 enim
495 1819 742 1878 immutationum
757 1819 836 1879 ratio
853 1821 889 1878 ab
907 1821 1078 1894 excerptore
1094 1816 1295 1893 prosectarum

172 1910 262 1986 longe
295 1912 331 1968 ab
363 1909 409 1966 his
442 1908 501 1979 IV,
529 1914 561 1983 1,
588 1914 627 1973 96
660 1911 690 1968 et
724 1914 785 1972 104
817 1908 975 1983 discrepat.
1035 1907 1165 1965 Videtur
1198 1907 1296 1984 igitur

172 1999 198 2057 is
232 1998 283 2073 qui
318 1999 436 2075 eclogas
475 1998 597 2075 gallicas
636 1997 763 2061 confecit
795 1997 859 2056 sive
888 1997 959 2055 libri
991 1996 1147 2072 archetypi
1181 2015 1294 2056 correc-

172 2092 222 2146 tor
259 2088 369 2162 passim
405 2087 535 2146 codicem
577 2086 789 2160 (immissum,
830 2087 957 2145 fortasse
997 2106 1030 2146 eo
1063 2089 1196 2160 tempore
1234 2103 1295 2161 quo

173 2177 307 2235 nondum
338 2181 403 2236 erat
434 2177 650 2246 detruncatus,
684 2178 845 2253 inspexisse
876 2179 968 2251 atque
1001 2176 1038 2235 ad
1071 2178 1209 2250 excerpta
1241 2193 1296 2233 sua

173 2266 356 2324 emendanda
391 2266 569 2326 adhibuisse.
628 2265 714 2325 Certe
758 2266 878 2340 quidem
912 2265 1035 2341 aliquod
1068 2263 1295 2323 necessitudinis

173 2373 269 2432 genus
299 2355 378 2414 inter
409 2355 590 2432 florilegium
613 2354 784 2413 Parisinum
817 2357 847 2413 et
870 2353 1074 2431 fragmentum
1103 2353 1179 2411 illud
1201 2353 1296 2412 inter-

172 2445 261 2503 cedit.
302 2443 368 2513 Qua
391 2444 427 2502 de
450 2463 540 2503 causa
556 2444 653 2503 nescio
678 2463 715 2501 an
739 2443 829 2502 etiam
853 2445 1021 2502 ceterarum
1042 2445 1192 2502 bonarum
1215 2442 1297 2501 flori·

171 2533 245 2610 legii
269 2533 432 2592 lectionum
455 2533 565 2608 partim
589 2553 624 2592 ex
646 2533 701 2592 hac
725 2533 897 2591 membrana
913 2533 1027 2608 optima
1043 2531 1193 2607 profectae
1217 2531 1295 2603 sint;

173 2622 224 2681 sed
249 2622 322 2681 certi
346 2622 460 2681 dehac
483 2642 514 2681 re
538 2623 614 2680 nihil
641 2624 741 2697 potest
765 2622 838 2681 erui.
885 2621 1121 2698 Aequiescamus
1144 2620 1241 2698 igitur
1265 2621 1296 2678 in

172 2711 219 2770 his
254 2711 411 2786 scripturis
441 2711 646 2770 Parisinorum
677 2711 763 2786 quasi
794 2711 824 2768 in
855 2711 940 2769 bonis
972 2711 1108 2770 virorum
1140 2710 1297 2769 doctorum

173 2800 362 2862 coniecturis

264 2923 411 2994 Quoniam
433 2923 595 2997 utriusque
618 2921 748 2980 familiae
771 2922 953 3000 progeniem,
978 2925 1008 2981 et
1032 2923 1145 2982 codices
1166 2923 1296 2983 Ambro-

174 3013 293 3071 sianum
309 3012 550 3088 Vaticauumque
567 3015 597 3071 et
612 3011 792 3088 florilegium
809 3012 952 3088 gallicum
969 3012 1142 3087 librumque
1158 3011 1296 3071 Guelfer-

174 3104 323 3178 bytanum
347 3101 612 3177 perlustravimu8‚
637 3103 692 3160 hoc
716 3101 898 3160 constituere
923 3120 1073 3172 conemur,
1099 3121 1158 3177 qua
1181 3101 1296 3160 ratione

173 3191 220 3250 his
243 3191 287 3250 rei
320 3191 441 3251 criticae
465 3191 605 3249 subsidiis
636 3190 668 3247 in
691 3189 803 3249 Tibulli
836 3190 1041 3249 emendatione
1074 3191 1222 3249 utendum
1245 3191 1295 3249 sit.

175 3279 295 3340 Ceteros
328 3280 405 3340 euim
439 3279 553 3339 codices
587 3279 720 3357 integros
749 3279 778 3336 in
807 3278 875 3338 crisi
907 3278 1074 3338 factitanda
1097 3279 1296 3357 neglegendos

176 3388 238 3428 esse
261 3369 396 3428 docuisse
420 3369 493 3425 milri
517 3369 630 3430 videor.

266 3633 291 3701 1)
311 3635 382 3689 Vide
402 3639 522 3703 quantus
542 3635 692 3690 lectionum
711 3653 841 3689 numerus
861 3635 1032 3690 Rothsteinii
1050 3635 1084 3688 de
1103 3635 1204 3688 codicis
1224 3635 1248 3688 G
1268 3639 1296 3689 et

176 3706 305 3775 florilegii
328 3707 533 3762 necessitudine
559 3707 729 3772 sententiae,
758 3726 842 3774 quam
866 3725 950 3777 supra
968 3726 1015 3778 pg.
1035 3707 1084 3772 46,
1113 3707 1176 3760 adn.
1205 3707 1296 3762 lme-

175 3778 358 3843 moravimus‚
384 3782 522 3849 repugnet
546 3796 712 3848 prorsusque
738 3796 799 3832 eam
818 3779 945 3848 repellat.
984 3778 1037 3843 Qui
1061 3778 1135 3832 enim
1154 3796 1188 3832 ex
1207 3796 1295 3833 exem·

176 3850 248 3918 plari
276 3849 339 3913 illo,
375 3850 448 3917 quod
482 3850 673 3904 li-othsteinius
702 3867 717 3904 e
744 3850 879 3903 Parisinis
911 3853 1064 3904 correctum
1091 3849 1176 3903 fuisse
1204 3850 1294 3919 fingit,

175 3920 304 3975 librarius
324 3921 474 3990 scripturas
493 3923 543 3974 has
562 3921 727 3991 perpaulum
747 3939 764 3974 a
783 3921 922 3975 codicibus
942 3921 993 3974 AV
1012 3921 1201 3990 discrepantes
1220 3922 1295 3975 ideo·

177 4009 237 4059 que,
257 3995 289 4045 ut
307 3992 485 4046 Rothsteinio
510 3992 634 4056 videtur,
654 3993 728 4046 inter
751 3993 840 4047 lineas
867 3993 912 4047 vel
931 3993 961 4046 in
985 3993 1046 4062 ipso
1065 3995 1145 4046 textu
1164 3997 1294 4047 exaratas

177 4080 269 4117 omnes
288 4063 381 4133 potuit
404 4081 460 4118 non
477 4064 614 4133 recipere,
635 4082 699 4117 cum
718 4064 851 4118 lectiones
874 4063 1002 4130 „imbre“‚
1022 4064 1099 4130 „Nec
1119 4063 1294 4133 quisquam“‚

177 4134 245 4188 alias
264 4135 294 4188 in
312 4136 439 4206 margine
459 4136 594 4206 ascriptas
614 4136 787 4189 assumeret?

1118 4224 1135 4276 4
