<?xml version="1.0" encoding="UTF-8"?>
<!DOCTYPE html PUBLIC "-//W3C//DTD XHTML 1.0 Transitional//EN"
    "http://www.w3.org/TR/xhtml1/DTD/xhtml1-transitional.dtd">
<html xmlns="http://www.w3.org/1999/xhtml" xml:lang="en" lang="en">
 <head>
  <title>
</title>
<meta http-equiv="Content-Type" content="text/html;charset=utf-8" />
  <meta name='ocr-system' content='tesseract 3.04.00' />
  <meta name='ocr-capabilities' content='ocr_page ocr_carea ocr_par ocr_line ocrx_word'/>
</head>
<body>
  <div class='ocr_page' id='page_1' title='image "./decodicibustibu01leongoog_0026.png"; bbox 0 0 2946 5026; ppageno 0'>
   <div class='ocr_carea' id='block_1_1' title="bbox 624 405 842 466">
    <p class='ocr_par' dir='ltr' id='par_1_1' title="bbox 624 405 842 466">
     <span class='ocr_line' id='line_1_1' title="bbox 624 405 842 466; baseline 0 -22"><span class='ocrx_word' id='word_1_1' title='bbox 624 405 842 466; x_wconf 64' lang='lat'>..17-</span> 
     </span>
    </p>
   </div>
   <div class='ocr_carea' id='block_1_2' title="bbox 510 574 962 644">
    <p class='ocr_par' dir='ltr' id='par_1_2' title="bbox 510 574 962 644">
     <span class='ocr_line' id='line_1_2' title="bbox 510 574 962 644; baseline 0.007 -14"><span class='ocrx_word' id='word_1_2' title='bbox 510 576 559 633; x_wconf 82' lang='grc'><strong>17.</strong></span> <span class='ocrx_word' id='word_1_3' title='bbox 578 576 621 630; x_wconf 79' lang='lat' dir='ltr'><strong>lle</strong></span> <span class='ocrx_word' id='word_1_4' title='bbox 638 575 790 644; x_wconf 83' lang='lat' dir='ltr'><strong>excerptis</strong></span> <span class='ocrx_word' id='word_1_5' title='bbox 808 574 962 633; x_wconf 83' lang='lat' dir='ltr'><strong>Parlslnls.</strong></span> 
     </span>
    </p>
   </div>
   <div class='ocr_carea' id='block_1_3' title="bbox 172 702 1341 1138">
    <p class='ocr_par' dir='ltr' id='par_1_3' title="bbox 172 702 1341 1138">
     <span class='ocr_line' id='line_1_3' title="bbox 263 702 1292 782; baseline 0 -20"><span class='ocrx_word' id='word_1_6' title='bbox 263 704 288 762; x_wconf 82' lang='grc' dir='ltr'>Ε</span> <span class='ocrx_word' id='word_1_7' title='bbox 312 704 455 764; x_wconf 87' lang='lat' dir='ltr'><strong>Parisinis</strong></span> <span class='ocrx_word' id='word_1_8' title='bbox 479 708 686 781; x_wconf 71' lang='lat' dir='ltr'>excerptorum</span> <span class='ocrx_word' id='word_1_9' title='bbox 709 705 795 765; x_wconf 92' lang='lat' dir='ltr'><strong>libris</strong></span> <span class='ocrx_word' id='word_1_10' title='bbox 818 705 912 765; x_wconf 88' lang='lat' dir='ltr'><strong>codici</strong></span> <span class='ocrx_word' id='word_1_11' title='bbox 935 703 1028 782; x_wconf 84' lang='lat' dir='ltr'><strong>regie,</strong></span> <span class='ocrx_word' id='word_1_12' title='bbox 1053 702 1123 762; x_wconf 95' lang='lat' dir='ltr'><strong>olim</strong></span> <span class='ocrx_word' id='word_1_13' title='bbox 1139 702 1292 775; x_wconf 76' lang='lat' dir='ltr'><strong>ThuaneO,</strong></span> 
     </span>
     <span class='ocr_line' id='line_1_4' title="bbox 174 792 1341 871; baseline -0.002 -19"><span class='ocrx_word' id='word_1_14' title='bbox 174 794 228 870; x_wconf 91' lang='lat' dir='ltr'><strong>qui</strong></span> <span class='ocrx_word' id='word_1_15' title='bbox 252 813 377 853; x_wconf 90' lang='lat' dir='ltr'><strong>numero</strong></span> <span class='ocrx_word' id='word_1_16' title='bbox 402 795 486 858; x_wconf 87' lang='grc'><strong>7647</strong></span> <span class='ocrx_word' id='word_1_17' title='bbox 512 794 687 855; x_wconf 76' lang='lat' dir='ltr'><strong>inscribitur</strong></span> <span class='ocrx_word' id='word_1_18' title='bbox 711 797 767 871; x_wconf 77' lang='lat' dir='ltr'><strong>(p),</strong></span> <span class='ocrx_word' id='word_1_19' title='bbox 800 795 896 854; x_wconf 87' lang='lat' dir='ltr'><strong>maior</strong></span> <span class='ocrx_word' id='word_1_20' title='bbox 920 813 1013 870; x_wconf 91' lang='lat' dir='ltr'><strong>quam</strong></span> <span class='ocrx_word' id='word_1_21' title='bbox 1035 792 1293 864; x_wconf 88' lang='lat' dir='ltr'><strong>Nostradamensi,</strong></span> <span class='ocrx_word' id='word_1_22' title='bbox 1338 807 1341 812; x_wconf 81' lang='grc'><strong>’</strong></span> 
     </span>
     <span class='ocr_line' id='line_1_5' title="bbox 173 881 1294 961; baseline -0.003 -19"><span class='ocrx_word' id='word_1_23' title='bbox 173 903 255 943; x_wconf 93' lang='lat' dir='ltr'><strong>nunc</strong></span> <span class='ocrx_word' id='word_1_24' title='bbox 287 883 371 961; x_wconf 87' lang='lat' dir='ltr'><strong>regio</strong></span> <span class='ocrx_word' id='word_1_25' title='bbox 398 888 503 948; x_wconf 89' lang='grc'><strong>17903</strong></span> <span class='ocrx_word' id='word_1_26' title='bbox 529 886 573 960; x_wconf 85' lang='lat' dir='ltr'><strong>(n)</strong></span> <span class='ocrx_word' id='word_1_27' title='bbox 605 884 770 961; x_wconf 76' lang='lat' dir='ltr'><strong>auctoritas</strong></span> <span class='ocrx_word' id='word_1_28' title='bbox 802 883 995 944; x_wconf 88' lang='lat' dir='ltr'><strong>attribuenda</strong></span> <span class='ocrx_word' id='word_1_29' title='bbox 1027 891 1081 942; x_wconf 88' lang='lat' dir='ltr'><strong>est.</strong></span> <span class='ocrx_word' id='word_1_30' title='bbox 1128 881 1186 942; x_wconf 93' lang='lat' dir='ltr'><strong>Hic</strong></span> <span class='ocrx_word' id='word_1_31' title='bbox 1216 882 1294 942; x_wconf 90' lang='lat' dir='ltr'><strong>enim</strong></span> 
     </span>
     <span class='ocr_line' id='line_1_6' title="bbox 172 971 1293 1052; baseline -0.001 -21"><span class='ocrx_word' id='word_1_32' title='bbox 172 973 291 1033; x_wconf 90' lang='lat' dir='ltr'><strong>librarii</strong></span> <span class='ocrx_word' id='word_1_33' title='bbox 307 973 477 1052; x_wconf 75' lang='lat' dir='ltr'><strong>ignorantia</strong></span> <span class='ocrx_word' id='word_1_34' title='bbox 493 973 540 1033; x_wconf 89' lang='lat' dir='ltr'><strong>vel</strong></span> <span class='ocrx_word' id='word_1_35' title='bbox 556 973 680 1033; x_wconf 85' lang='lat' dir='ltr'><strong>levitate</strong></span> <span class='ocrx_word' id='word_1_36' title='bbox 698 974 809 1033; x_wconf 87' lang='lat' dir='ltr'><strong>mendis</strong></span> <span class='ocrx_word' id='word_1_37' title='bbox 826 974 994 1049; x_wconf 79' lang='lat' dir='ltr'><strong>scripturae</strong></span> <span class='ocrx_word' id='word_1_38' title='bbox 1011 972 1171 1030; x_wconf 86' lang='lat' dir='ltr'><strong>admodum</strong></span> <span class='ocrx_word' id='word_1_39' title='bbox 1187 971 1293 1043; x_wconf 83' lang='lat' dir='ltr'><strong>scatit3</strong></span> 
     </span>
     <span class='ocr_line' id='line_1_7' title="bbox 173 1059 1296 1138; baseline -0.002 -18"><span class='ocrx_word' id='word_1_40' title='bbox 173 1062 303 1138; x_wconf 89' lang='lat' dir='ltr'><strong>exempli</strong></span> <span class='ocrx_word' id='word_1_41' title='bbox 325 1081 416 1122; x_wconf 91' lang='lat' dir='ltr'><strong>eausa</strong></span> <span class='ocrx_word' id='word_1_42' title='bbox 445 1062 521 1122; x_wconf 90' lang='lat' dir='ltr'><strong>falso</strong></span> <span class='ocrx_word' id='word_1_43' title='bbox 553 1082 607 1138; x_wconf 91' lang='lat' dir='ltr'><strong>pro</strong></span> <span class='ocrx_word' id='word_1_44' title='bbox 631 1063 739 1123; x_wconf 87' lang='lat' dir='ltr'><strong>codicis</strong></span> <span class='ocrx_word' id='word_1_45' title='bbox 764 1083 783 1138; x_wconf 91' lang='lat' dir='ltr'>p</span> <span class='ocrx_word' id='word_1_46' title='bbox 806 1059 955 1138; x_wconf 86' lang='lat' dir='ltr'><strong>scriptura</strong></span> <span class='ocrx_word' id='word_1_47' title='bbox 986 1063 1109 1137; x_wconf 87' lang='lat' dir='ltr'><strong>praebet</strong></span> <span class='ocrx_word' id='word_1_48' title='bbox 1132 1060 1296 1120; x_wconf 89' lang='lat' dir='ltr'><strong>lectionum</strong></span> 
     </span>
    </p>
   </div>
   <div class='ocr_carea' id='block_1_4' title="bbox 173 1149 1406 1228">
    <p class='ocr_par' dir='ltr' id='par_1_4' title="bbox 173 1149 1406 1228">
     <span class='ocr_line' id='line_1_8' title="bbox 173 1149 1406 1228; baseline 0.002 -17"><span class='ocrx_word' id='word_1_49' title='bbox 173 1151 336 1211; x_wconf 85' lang='lat' dir='ltr'><strong>varietates</strong></span> <span class='ocrx_word' id='word_1_50' title='bbox 359 1153 427 1211; x_wconf 88' lang='lat' dir='ltr'><strong>bas:</strong></span> <span class='ocrx_word' id='word_1_51' title='bbox 460 1151 485 1222; x_wconf 95' lang='lat' dir='ltr'><strong>I,</strong></span> <span class='ocrx_word' id='word_1_52' title='bbox 511 1156 541 1223; x_wconf 82' lang='lat'><strong>9,</strong></span> <span class='ocrx_word' id='word_1_53' title='bbox 567 1157 625 1216; x_wconf 78' lang='lat'><strong>28:</strong></span> <span class='ocrx_word' id='word_1_54' title='bbox 664 1151 830 1226; x_wconf 83' lang='lat' dir='ltr'><strong>„invictos“</strong></span> <span class='ocrx_word' id='word_1_55' title='bbox 856 1171 910 1228; x_wconf 92' lang='lat' dir='ltr'><strong>pro</strong></span> <span class='ocrx_word' id='word_1_56' title='bbox 937 1151 1099 1226; x_wconf 85' lang='lat' dir='ltr'><strong>„invitos“,</strong></span> <span class='ocrx_word' id='word_1_57' title='bbox 1123 1149 1148 1220; x_wconf 98' lang='grc' dir='ltr'><strong>Ι,</strong></span> <span class='ocrx_word' id='word_1_58' title='bbox 1177 1154 1227 1222; x_wconf 89' lang='grc'>10,</span> <span class='ocrx_word' id='word_1_59' title='bbox 1252 1150 1294 1213; x_wconf 82' lang='grc'><strong>46</strong></span> <span class='ocrx_word' id='word_1_60' title='bbox 1404 1190 1406 1197; x_wconf 65' lang='lat'>=</span> 
     </span>
    </p>
   </div>
   <div class='ocr_carea' id='block_1_5' title="bbox 171 1238 1376 3102">
    <p class='ocr_par' dir='ltr' id='par_1_5' title="bbox 173 1238 1350 1567">
     <span class='ocr_line' id='line_1_9' title="bbox 173 1238 1294 1318; baseline -0.004 -17"><span class='ocrx_word' id='word_1_61' title='bbox 173 1259 296 1301; x_wconf 84' lang='lat' dir='ltr'><strong>versum</strong></span> <span class='ocrx_word' id='word_1_62' title='bbox 320 1241 445 1314; x_wconf 87' lang='lat' dir='ltr'><strong>omittit,</strong></span> <span class='ocrx_word' id='word_1_63' title='bbox 469 1240 510 1315; x_wconf 88' lang='lat' dir='ltr'><strong>Il,</strong></span> <span class='ocrx_word' id='word_1_64' title='bbox 537 1246 566 1314; x_wconf 89' lang='grc'><strong>3,</strong></span> <span class='ocrx_word' id='word_1_65' title='bbox 592 1246 632 1304; x_wconf 83' lang='grc'><strong>47</strong></span> <span class='ocrx_word' id='word_1_66' title='bbox 645 1261 652 1298; x_wconf 91' lang='lat'>:</span> <span class='ocrx_word' id='word_1_67' title='bbox 685 1242 861 1318; x_wconf 86' lang='lat' dir='ltr'><strong>„coniugia“</strong></span> <span class='ocrx_word' id='word_1_68' title='bbox 889 1260 942 1317; x_wconf 96' lang='lat' dir='ltr'><strong>pro</strong></span> <span class='ocrx_word' id='word_1_69' title='bbox 969 1239 1156 1315; x_wconf 84' lang='lat' dir='ltr'><strong>„convivia“‚</strong></span> <span class='ocrx_word' id='word_1_70' title='bbox 1181 1238 1238 1310; x_wconf 91' lang='grc' dir='ltr'>ΙΙΙ,</span> <span class='ocrx_word' id='word_1_71' title='bbox 1264 1243 1294 1309; x_wconf 90' lang='grc'>3,</span> 
     </span>
     <span class='ocr_line' id='line_1_10' title="bbox 178 1328 1296 1405; baseline -0.003 -16"><span class='ocrx_word' id='word_1_72' title='bbox 178 1334 234 1394; x_wconf 84' lang='grc'><strong>12;</strong></span> <span class='ocrx_word' id='word_1_73' title='bbox 274 1330 440 1405; x_wconf 83' lang='lat' dir='ltr'><strong>„fundant“</strong></span> <span class='ocrx_word' id='word_1_74' title='bbox 476 1350 529 1405; x_wconf 91' lang='lat' dir='ltr'><strong>pro</strong></span> <span class='ocrx_word' id='word_1_75' title='bbox 565 1330 731 1404; x_wconf 79' lang='lat' dir='ltr'><strong>„findant“,</strong></span> <span class='ocrx_word' id='word_1_76' title='bbox 765 1330 822 1404; x_wconf 92' lang='grc' dir='ltr'>ΙΙΙ,</span> <span class='ocrx_word' id='word_1_77' title='bbox 848 1335 878 1401; x_wconf 88' lang='lat'><strong>3,</strong></span> <span class='ocrx_word' id='word_1_78' title='bbox 907 1335 965 1394; x_wconf 78' lang='lat'><strong>17:</strong></span> <span class='ocrx_word' id='word_1_79' title='bbox 999 1329 1132 1405; x_wconf 74' lang='lat' dir='ltr'><strong>iirtheo“v</strong></span> <span class='ocrx_word' id='word_1_80' title='bbox 1157 1347 1211 1404; x_wconf 90' lang='lat' dir='ltr'><strong>pro</strong></span> <span class='ocrx_word' id='word_1_81' title='bbox 1246 1328 1296 1403; x_wconf 88' lang='lat' dir='ltr'><strong>„in</strong></span> 
     </span>
     <span class='ocr_line' id='line_1_11' title="bbox 174 1419 1350 1503; baseline -0.003 -24"><span class='ocrx_word' id='word_1_82' title='bbox 174 1420 326 1479; x_wconf 81' lang='lat' dir='ltr'><strong>erithreo“</strong></span> <span class='ocrx_word' id='word_1_83' title='bbox 353 1422 402 1495; x_wconf 77' lang='lat' dir='ltr'><strong>(pz</strong></span> <span class='ocrx_word' id='word_1_84' title='bbox 438 1420 613 1494; x_wconf 85' lang='lat' dir='ltr'><strong>meritheo);</strong></span> <span class='ocrx_word' id='word_1_85' title='bbox 649 1419 723 1479; x_wconf 90' lang='lat' dir='ltr'><strong>alias</strong></span> <span class='ocrx_word' id='word_1_86' title='bbox 746 1419 960 1494; x_wconf 83' lang='lat' dir='ltr'><strong>discrepantias</strong></span> <span class='ocrx_word' id='word_1_87' title='bbox 991 1437 1083 1493; x_wconf 90' lang='lat' dir='ltr'><strong>supra</strong></span> <span class='ocrx_word' id='word_1_88' title='bbox 1106 1439 1156 1496; x_wconf 89' lang='lat' dir='ltr'><strong>pg.</strong></span> <span class='ocrx_word' id='word_1_89' title='bbox 1185 1422 1223 1482; x_wconf 89' lang='lat'><strong>16</strong></span> <span class='ocrx_word' id='word_1_90' title='bbox 1249 1420 1295 1476; x_wconf 88' lang='lat' dir='ltr'><strong>at·</strong></span> <span class='ocrx_word' id='word_1_91' title='bbox 1347 1497 1350 1503; x_wconf 95' lang='lat'>.</span> 
     </span>
     <span class='ocr_line' id='line_1_12' title="bbox 173 1509 312 1567; baseline 0.007 -1"><span class='ocrx_word' id='word_1_92' title='bbox 173 1509 312 1567; x_wconf 78' lang='lat' dir='ltr'><strong>tulimus</strong></span> 
     </span>
    </p>

    <p class='ocr_par' dir='ltr' id='par_1_6' title="bbox 171 1595 1376 3102">
     <span class='ocr_line' id='line_1_13' title="bbox 266 1595 1295 1669; baseline -0.003 -13"><span class='ocrx_word' id='word_1_93' title='bbox 266 1598 408 1657; x_wconf 86' lang='lat' dir='ltr'><strong>Attamen</strong></span> <span class='ocrx_word' id='word_1_94' title='bbox 439 1618 508 1657; x_wconf 87' lang='lat' dir='ltr'><strong>oum</strong></span> <span class='ocrx_word' id='word_1_95' title='bbox 539 1598 797 1658; x_wconf 87' lang='lat' dir='ltr'><strong>Nostrademensis</strong></span> <span class='ocrx_word' id='word_1_96' title='bbox 829 1618 864 1656; x_wconf 90' lang='lat' dir='ltr'><strong>ex</strong></span> <span class='ocrx_word' id='word_1_97' title='bbox 895 1597 1037 1657; x_wconf 87' lang='lat' dir='ltr'><strong>Thuaneo</strong></span> <span class='ocrx_word' id='word_1_98' title='bbox 1073 1617 1132 1657; x_wconf 92' lang='lat' dir='ltr'><strong>non</strong></span> <span class='ocrx_word' id='word_1_99' title='bbox 1164 1595 1295 1669; x_wconf 88' lang='lat' dir='ltr'><strong>fluxerit,</strong></span> 
     </span>
     <span class='ocr_line' id='line_1_14' title="bbox 174 1685 1295 1764; baseline -0.002 -18"><span class='ocrx_word' id='word_1_100' title='bbox 174 1689 306 1763; x_wconf 91' lang='lat' dir='ltr'><strong>uterque</strong></span> <span class='ocrx_word' id='word_1_101' title='bbox 330 1689 367 1746; x_wconf 92' lang='lat' dir='ltr'><strong>ad</strong></span> <span class='ocrx_word' id='word_1_102' title='bbox 391 1708 461 1747; x_wconf 92' lang='lat' dir='ltr'><strong>eum</strong></span> <span class='ocrx_word' id='word_1_103' title='bbox 484 1688 538 1764; x_wconf 91' lang='lat' dir='ltr'><strong>qui</strong></span> <span class='ocrx_word' id='word_1_104' title='bbox 561 1707 596 1746; x_wconf 92' lang='lat' dir='ltr'><strong>ex</strong></span> <span class='ocrx_word' id='word_1_105' title='bbox 619 1687 714 1762; x_wconf 88' lang='lat' dir='ltr'><strong>ipsius</strong></span> <span class='ocrx_word' id='word_1_106' title='bbox 739 1687 919 1762; x_wconf 83' lang='lat' dir='ltr'><strong>excerptoris</strong></span> <span class='ocrx_word' id='word_1_107' title='bbox 941 1706 1033 1744; x_wconf 89' lang='lat' dir='ltr'><strong>manu</strong></span> <span class='ocrx_word' id='word_1_108' title='bbox 1064 1685 1216 1762; x_wconf 88' lang='lat' dir='ltr'><strong>profectus</strong></span> <span class='ocrx_word' id='word_1_109' title='bbox 1241 1688 1295 1759; x_wconf 90' lang='lat' dir='ltr'><strong>est,</strong></span> 
     </span>
     <span class='ocr_line' id='line_1_15' title="bbox 175 1775 1376 1853; baseline -0.003 -17"><span class='ocrx_word' id='word_1_110' title='bbox 175 1777 308 1836; x_wconf 87' lang='lat' dir='ltr'><strong>codicem</strong></span> <span class='ocrx_word' id='word_1_111' title='bbox 332 1777 554 1837; x_wconf 89' lang='lat' dir='ltr'><strong>restituendum</strong></span> <span class='ocrx_word' id='word_1_112' title='bbox 577 1777 662 1837; x_wconf 91' lang='lat' dir='ltr'><strong>nobis</strong></span> <span class='ocrx_word' id='word_1_113' title='bbox 679 1796 754 1853; x_wconf 92' lang='lat' dir='ltr'><strong>opus</strong></span> <span class='ocrx_word' id='word_1_114' title='bbox 778 1780 831 1836; x_wconf 84' lang='lat' dir='ltr'><strong>est.</strong></span> <span class='ocrx_word' id='word_1_115' title='bbox 880 1775 939 1845; x_wconf 79' lang='lat' dir='ltr'><strong>oui</strong></span> <span class='ocrx_word' id='word_1_116' title='bbox 962 1775 1175 1853; x_wconf 88' lang='lat' dir='ltr'><strong>florilegiorum</strong></span> <span class='ocrx_word' id='word_1_117' title='bbox 1194 1776 1296 1833; x_wconf 88' lang='lat' dir='ltr'><strong>arche·</strong></span> <span class='ocrx_word' id='word_1_118' title='bbox 1373 1813 1376 1820; x_wconf 85' lang='lat'>·</span> 
     </span>
     <span class='ocr_line' id='line_1_16' title="bbox 173 1864 1296 1943; baseline -0.001 -19"><span class='ocrx_word' id='word_1_119' title='bbox 173 1869 279 1943; x_wconf 78' lang='lat' dir='ltr'><strong>typuS,</strong></span> <span class='ocrx_word' id='word_1_120' title='bbox 313 1867 479 1926; x_wconf 90' lang='lat' dir='ltr'><strong>communis</strong></span> <span class='ocrx_word' id='word_1_121' title='bbox 509 1867 644 1926; x_wconf 90' lang='lat' dir='ltr'><strong>omnium</strong></span> <span class='ocrx_word' id='word_1_122' title='bbox 676 1885 751 1942; x_wconf 86' lang='lat' dir='ltr'><strong>quas</strong></span> <span class='ocrx_word' id='word_1_123' title='bbox 782 1866 921 1924; x_wconf 90' lang='lat' dir='ltr'><strong>novimus</strong></span> <span class='ocrx_word' id='word_1_124' title='bbox 952 1869 1070 1941; x_wconf 89' lang='lat' dir='ltr'><strong>praeter</strong></span> <span class='ocrx_word' id='word_1_125' title='bbox 1093 1864 1296 1942; x_wconf 80' lang='lat' dir='ltr'><strong>Frisingenses</strong></span> 
     </span>
     <span class='ocr_line' id='line_1_17' title="bbox 173 1955 1295 2032; baseline -0.002 -18"><span class='ocrx_word' id='word_1_126' title='bbox 173 1956 351 2032; x_wconf 82' lang='lat' dir='ltr'><strong>eclogarum</strong></span> <span class='ocrx_word' id='word_1_127' title='bbox 383 1955 458 2027; x_wconf 88' lang='lat' dir='ltr'><strong>fons,</strong></span> <span class='ocrx_word' id='word_1_128' title='bbox 493 1955 660 2015; x_wconf 87' lang='lat' dir='ltr'><strong>manifestis</strong></span> <span class='ocrx_word' id='word_1_129' title='bbox 692 1955 976 2032; x_wconf 85' lang='lat' dir='ltr'><strong>interpolationibus</strong></span> <span class='ocrx_word' id='word_1_130' title='bbox 1007 1955 1189 2030; x_wconf 89' lang='lat' dir='ltr'><strong>depravatus</strong></span> <span class='ocrx_word' id='word_1_131' title='bbox 1221 1957 1295 2018; x_wconf 89' lang='lat' dir='ltr'><strong>erat.</strong></span> 
     </span>
     <span class='ocr_line' id='line_1_18' title="bbox 175 2043 1297 2120; baseline -0.003 -17"><span class='ocrx_word' id='word_1_132' title='bbox 175 2043 254 2103; x_wconf 79' lang='lat' dir='ltr'><strong>Cum</strong></span> <span class='ocrx_word' id='word_1_133' title='bbox 278 2045 356 2103; x_wconf 89' lang='lat' dir='ltr'><strong>enim</strong></span> <span class='ocrx_word' id='word_1_134' title='bbox 379 2045 475 2120; x_wconf 92' lang='lat' dir='ltr'><strong>isqui</strong></span> <span class='ocrx_word' id='word_1_135' title='bbox 497 2048 634 2120; x_wconf 87' lang='lat' dir='ltr'><strong>excerpta</strong></span> <span class='ocrx_word' id='word_1_136' title='bbox 658 2045 795 2115; x_wconf 85' lang='lat' dir='ltr'><strong>confecit,</strong></span> <span class='ocrx_word' id='word_1_137' title='bbox 821 2063 925 2104; x_wconf 90' lang='lat' dir='ltr'><strong>versus</strong></span> <span class='ocrx_word' id='word_1_138' title='bbox 941 2063 1016 2120; x_wconf 89' lang='lat' dir='ltr'><strong>quos</strong></span> <span class='ocrx_word' id='word_1_139' title='bbox 1040 2064 1056 2103; x_wconf 92' lang='lat' dir='ltr'><strong>e</strong></span> <span class='ocrx_word' id='word_1_140' title='bbox 1079 2043 1297 2102; x_wconf 89' lang='lat' dir='ltr'><strong>sententiarum</strong></span> 
     </span>
     <span class='ocr_line' id='line_1_19' title="bbox 173 2132 1296 2211; baseline -0.002 -18"><span class='ocrx_word' id='word_1_141' title='bbox 173 2152 293 2193; x_wconf 90' lang='lat' dir='ltr'><strong>conexu</strong></span> <span class='ocrx_word' id='word_1_142' title='bbox 317 2134 467 2208; x_wconf 87' lang='lat' dir='ltr'><strong>evelleret,</strong></span> <span class='ocrx_word' id='word_1_143' title='bbox 492 2138 571 2210; x_wconf 86' lang='lat' dir='ltr'><strong>ipsos</strong></span> <span class='ocrx_word' id='word_1_144' title='bbox 595 2154 648 2210; x_wconf 88' lang='lat' dir='ltr'><strong>per</strong></span> <span class='ocrx_word' id='word_1_145' title='bbox 671 2153 702 2194; x_wconf 92' lang='lat' dir='ltr'><strong>se</strong></span> <span class='ocrx_word' id='word_1_146' title='bbox 725 2134 813 2193; x_wconf 87' lang='lat' dir='ltr'><strong>facile</strong></span> <span class='ocrx_word' id='word_1_147' title='bbox 836 2133 974 2211; x_wconf 85' lang='lat' dir='ltr'><strong>intellegi</strong></span> <span class='ocrx_word' id='word_1_148' title='bbox 1000 2133 1101 2204; x_wconf 85' lang='lat' dir='ltr'><strong>vellet,</strong></span> <span class='ocrx_word' id='word_1_149' title='bbox 1126 2132 1296 2208; x_wconf 88' lang='lat' dir='ltr'><strong>saepissime</strong></span> 
     </span>
     <span class='ocr_line' id='line_1_20' title="bbox 174 2223 1292 2299; baseline -0.002 -17"><span class='ocrx_word' id='word_1_150' title='bbox 174 2227 207 2282; x_wconf 91' lang='lat' dir='ltr'><strong>et</strong></span> <span class='ocrx_word' id='word_1_151' title='bbox 231 2223 400 2298; x_wconf 87' lang='lat' dir='ltr'><strong>particulae</strong></span> <span class='ocrx_word' id='word_1_152' title='bbox 424 2228 454 2283; x_wconf 87' lang='lat' dir='ltr'><strong>et</strong></span> <span class='ocrx_word' id='word_1_153' title='bbox 478 2224 710 2297; x_wconf 69' lang='lat' dir='ltr'><strong>coniunctiones</strong></span> <span class='ocrx_word' id='word_1_154' title='bbox 744 2223 818 2298; x_wconf 91' lang='lat' dir='ltr'><strong>quin</strong></span> <span class='ocrx_word' id='word_1_155' title='bbox 842 2223 933 2281; x_wconf 90' lang='lat' dir='ltr'><strong>etiam</strong></span> <span class='ocrx_word' id='word_1_156' title='bbox 956 2223 1141 2298; x_wconf 89' lang='lat' dir='ltr'><strong>pronomina,</strong></span> <span class='ocrx_word' id='word_1_157' title='bbox 1173 2242 1292 2299; x_wconf 87' lang='lat' dir='ltr'><strong>genera,</strong></span> 
     </span>
     <span class='ocr_line' id='line_1_21' title="bbox 172 2311 1297 2388; baseline -0.002 -18"><span class='ocrx_word' id='word_1_158' title='bbox 172 2315 321 2388; x_wconf 88' lang='lat' dir='ltr'><strong>tempora,</strong></span> <span class='ocrx_word' id='word_1_159' title='bbox 337 2312 418 2372; x_wconf 92' lang='lat' dir='ltr'><strong>modi</strong></span> <span class='ocrx_word' id='word_1_160' title='bbox 435 2316 520 2372; x_wconf 88' lang='lat' dir='ltr'><strong>erant</strong></span> <span class='ocrx_word' id='word_1_161' title='bbox 535 2313 689 2384; x_wconf 89' lang='lat' dir='ltr'><strong>mutanda,</strong></span> <span class='ocrx_word' id='word_1_162' title='bbox 707 2332 837 2388; x_wconf 90' lang='lat' dir='ltr'><strong>quorum</strong></span> <span class='ocrx_word' id='word_1_163' title='bbox 853 2313 987 2388; x_wconf 86' lang='lat' dir='ltr'><strong>exempla</strong></span> <span class='ocrx_word' id='word_1_164' title='bbox 1003 2311 1110 2371; x_wconf 89' lang='lat' dir='ltr'><strong>attulit</strong></span> <span class='ocrx_word' id='word_1_165' title='bbox 1122 2311 1297 2370; x_wconf 88' lang='lat' dir='ltr'><strong>Protzenius</strong></span> 
     </span>
     <span class='ocr_line' id='line_1_22' title="bbox 171 2401 1297 2480; baseline 0 -21"><span class='ocrx_word' id='word_1_166' title='bbox 171 2402 206 2459; x_wconf 91' lang='lat' dir='ltr'><strong>in</strong></span> <span class='ocrx_word' id='word_1_167' title='bbox 241 2402 335 2461; x_wconf 88' lang='lat' dir='ltr'><strong>libelli</strong></span> <span class='ocrx_word' id='word_1_168' title='bbox 369 2402 416 2461; x_wconf 93' lang='lat' dir='ltr'><strong>sui</strong></span> <span class='ocrx_word' id='word_1_169' title='bbox 451 2423 500 2480; x_wconf 84' lang='lat' dir='ltr'><strong>pg.</strong></span> <span class='ocrx_word' id='word_1_170' title='bbox 527 2407 568 2467; x_wconf 78' lang='lat'><strong>45</strong></span> <span class='ocrx_word' id='word_1_171' title='bbox 592 2421 657 2478; x_wconf 88' lang='lat' dir='ltr'><strong>sqq.</strong></span> <span class='ocrx_word' id='word_1_172' title='bbox 671 2403 704 2476; x_wconf 81' lang='lat'><strong>¹).</strong></span> <span class='ocrx_word' id='word_1_173' title='bbox 752 2401 810 2460; x_wconf 83' lang='lat' dir='ltr'><strong>Sed</strong></span> <span class='ocrx_word' id='word_1_174' title='bbox 841 2421 879 2461; x_wconf 90' lang='lat' dir='ltr'><strong>ne</strong></span> <span class='ocrx_word' id='word_1_175' title='bbox 910 2401 942 2459; x_wconf 92' lang='lat' dir='ltr'><strong>in</strong></span> <span class='ocrx_word' id='word_1_176' title='bbox 973 2401 1019 2459; x_wconf 91' lang='lat' dir='ltr'><strong>his</strong></span> <span class='ocrx_word' id='word_1_177' title='bbox 1050 2401 1171 2476; x_wconf 90' lang='lat' dir='ltr'><strong>quidem</strong></span> <span class='ocrx_word' id='word_1_178' title='bbox 1203 2401 1297 2459; x_wconf 91' lang='lat' dir='ltr'><strong>inter·</strong></span> 
     </span>
     <span class='ocr_line' id='line_1_23' title="bbox 172 2490 1297 2568; baseline -0.001 -19"><span class='ocrx_word' id='word_1_179' title='bbox 172 2490 381 2567; x_wconf 80' lang='lat' dir='ltr'><strong>palationibus</strong></span> <span class='ocrx_word' id='word_1_180' title='bbox 405 2492 566 2568; x_wconf 85' lang='lat' dir='ltr'><strong>acquievit,</strong></span> <span class='ocrx_word' id='word_1_181' title='bbox 599 2491 690 2550; x_wconf 91' lang='lat' dir='ltr'><strong>immo</strong></span> <span class='ocrx_word' id='word_1_182' title='bbox 713 2492 762 2550; x_wconf 86' lang='lat' dir='ltr'><strong>rel</strong></span> <span class='ocrx_word' id='word_1_183' title='bbox 794 2493 872 2550; x_wconf 86' lang='lat' dir='ltr'><strong>totas</strong></span> <span class='ocrx_word' id='word_1_184' title='bbox 904 2510 991 2565; x_wconf 89' lang='lat' dir='ltr'><strong>saepe</strong></span> <span class='ocrx_word' id='word_1_185' title='bbox 1015 2490 1177 2549; x_wconf 87' lang='lat' dir='ltr'><strong>sententias</strong></span> <span class='ocrx_word' id='word_1_186' title='bbox 1199 2492 1297 2549; x_wconf 90' lang='lat' dir='ltr'><strong>trans-</strong></span> 
     </span>
     <span class='ocr_line' id='line_1_24' title="bbox 173 2579 1297 2657; baseline -0.001 -19"><span class='ocrx_word' id='word_1_187' title='bbox 173 2580 320 2638; x_wconf 88' lang='lat' dir='ltr'><strong>formavit</strong></span> <span class='ocrx_word' id='word_1_188' title='bbox 341 2580 387 2639; x_wconf 91' lang='lat' dir='ltr'><strong>ita</strong></span> <span class='ocrx_word' id='word_1_189' title='bbox 417 2584 453 2639; x_wconf 93' lang='lat' dir='ltr'><strong>ut</strong></span> <span class='ocrx_word' id='word_1_190' title='bbox 477 2600 554 2657; x_wconf 88' lang='lat' dir='ltr'><strong>quae</strong></span> <span class='ocrx_word' id='word_1_191' title='bbox 586 2582 623 2640; x_wconf 93' lang='lat' dir='ltr'><strong>de</strong></span> <span class='ocrx_word' id='word_1_192' title='bbox 644 2600 705 2640; x_wconf 90' lang='lat' dir='ltr'><strong>uno</strong></span> <span class='ocrx_word' id='word_1_193' title='bbox 737 2599 767 2639; x_wconf 91' lang='lat' dir='ltr'><strong>se</strong></span> <span class='ocrx_word' id='word_1_194' title='bbox 791 2581 839 2639; x_wconf 86' lang='lat' dir='ltr'><strong>vel</strong></span> <span class='ocrx_word' id='word_1_195' title='bbox 868 2580 904 2639; x_wconf 91' lang='lat' dir='ltr'><strong>de</strong></span> <span class='ocrx_word' id='word_1_196' title='bbox 928 2583 1009 2639; x_wconf 89' lang='lat' dir='ltr'><strong>certo</strong></span> <span class='ocrx_word' id='word_1_197' title='bbox 1038 2579 1158 2639; x_wconf 90' lang='lat' dir='ltr'><strong>homine</strong></span> <span class='ocrx_word' id='word_1_198' title='bbox 1181 2579 1297 2639; x_wconf 82' lang='lat' dir='ltr'><strong>dixerat</strong></span> 
     </span>
     <span class='ocr_line' id='line_1_25' title="bbox 174 2663 1299 2746; baseline 0 -19"><span class='ocrx_word' id='word_1_199' title='bbox 174 2663 326 2740; x_wconf 80' lang='lat' dir='ltr'><strong>Tibullus,</strong></span> <span class='ocrx_word' id='word_1_200' title='bbox 350 2670 381 2727; x_wconf 92' lang='lat' dir='ltr'><strong>in</strong></span> <span class='ocrx_word' id='word_1_201' title='bbox 404 2689 504 2729; x_wconf 86' lang='lat' dir='ltr'><strong>omnes</strong></span> <span class='ocrx_word' id='word_1_202' title='bbox 520 2671 653 2729; x_wconf 91' lang='lat' dir='ltr'><strong>homines</strong></span> <span class='ocrx_word' id='word_1_203' title='bbox 677 2670 857 2746; x_wconf 77' lang='lat' dir='ltr'><strong>caderent.²)</strong></span> <span class='ocrx_word' id='word_1_204' title='bbox 894 2668 968 2727; x_wconf 80' lang='lat' dir='ltr'><strong>(lum</strong></span> <span class='ocrx_word' id='word_1_205' title='bbox 992 2671 1095 2727; x_wconf 91' lang='lat' dir='ltr'><strong>autem</strong></span> <span class='ocrx_word' id='word_1_206' title='bbox 1118 2670 1299 2745; x_wconf 89' lang='lat' dir='ltr'><strong>opusculum</strong></span> 
     </span>
     <span class='ocr_line' id='line_1_26' title="bbox 175 2758 1299 2834; baseline 0 -18"><span class='ocrx_word' id='word_1_207' title='bbox 175 2777 267 2817; x_wconf 91' lang='lat' dir='ltr'><strong>suum</strong></span> <span class='ocrx_word' id='word_1_208' title='bbox 291 2759 408 2819; x_wconf 89' lang='lat' dir='ltr'><strong>scholae</strong></span> <span class='ocrx_word' id='word_1_209' title='bbox 431 2760 502 2819; x_wconf 91' lang='lat' dir='ltr'><strong>usui</strong></span> <span class='ocrx_word' id='word_1_210' title='bbox 517 2759 705 2831; x_wconf 87' lang='lat' dir='ltr'><strong>destinasset,</strong></span> <span class='ocrx_word' id='word_1_211' title='bbox 730 2779 790 2818; x_wconf 89' lang='lat' dir='ltr'><strong>non</strong></span> <span class='ocrx_word' id='word_1_212' title='bbox 807 2758 895 2817; x_wconf 87' lang='lat' dir='ltr'><strong>modo</strong></span> <span class='ocrx_word' id='word_1_213' title='bbox 911 2758 1011 2817; x_wconf 92' lang='lat' dir='ltr'><strong>omnia</strong></span> <span class='ocrx_word' id='word_1_214' title='bbox 1025 2778 1101 2834; x_wconf 87' lang='lat' dir='ltr'><strong>quae</strong></span> <span class='ocrx_word' id='word_1_215' title='bbox 1125 2759 1162 2816; x_wconf 90' lang='lat' dir='ltr'><strong>ab</strong></span> <span class='ocrx_word' id='word_1_216' title='bbox 1176 2758 1299 2818; x_wconf 85' lang='lat' dir='ltr'><strong>illorum</strong></span> 
     </span>
     <span class='ocr_line' id='line_1_27' title="bbox 176 2847 1298 2925; baseline 0.001 -19"><span class='ocrx_word' id='word_1_217' title='bbox 176 2851 348 2923; x_wconf 89' lang='lat' dir='ltr'><strong>temporum</strong></span> <span class='ocrx_word' id='word_1_218' title='bbox 371 2849 505 2908; x_wconf 88' lang='lat' dir='ltr'><strong>moribus</strong></span> <span class='ocrx_word' id='word_1_219' title='bbox 538 2850 813 2925; x_wconf 87' lang='lat' dir='ltr'><strong>monachorumque</strong></span> <span class='ocrx_word' id='word_1_220' title='bbox 843 2847 925 2907; x_wconf 90' lang='lat' dir='ltr'><strong>vitae</strong></span> <span class='ocrx_word' id='word_1_221' title='bbox 955 2847 1106 2907; x_wconf 87' lang='lat' dir='ltr'><strong>institutis</strong></span> <span class='ocrx_word' id='word_1_222' title='bbox 1139 2847 1298 2907; x_wconf 89' lang='lat' dir='ltr'><strong>abhorrere</strong></span> 
     </span>
     <span class='ocr_line' id='line_1_28' title="bbox 176 2935 1297 3016; baseline -0.002 -20"><span class='ocrx_word' id='word_1_223' title='bbox 176 2937 369 3012; x_wconf 84' lang='lat' dir='ltr'><strong>videbantur,</strong></span> <span class='ocrx_word' id='word_1_224' title='bbox 402 2956 437 2995; x_wconf 89' lang='lat' dir='ltr'><strong>ex</strong></span> <span class='ocrx_word' id='word_1_225' title='bbox 467 2939 577 3016; x_wconf 85' lang='lat' dir='ltr'><strong>eclogis</strong></span> <span class='ocrx_word' id='word_1_226' title='bbox 609 2939 671 2997; x_wconf 91' lang='lat' dir='ltr'><strong>suis</strong></span> <span class='ocrx_word' id='word_1_227' title='bbox 702 2938 831 2996; x_wconf 89' lang='lat' dir='ltr'><strong>removit</strong></span> <span class='ocrx_word' id='word_1_228' title='bbox 857 2937 962 3013; x_wconf 76' lang='lat' dir='ltr'><strong>(velut</strong></span> <span class='ocrx_word' id='word_1_229' title='bbox 983 2935 1025 3007; x_wconf 88' lang='lat' dir='ltr'><strong>H,</strong></span> <span class='ocrx_word' id='word_1_230' title='bbox 1051 2943 1080 3007; x_wconf 92' lang='lat'><strong>3,</strong></span> <span class='ocrx_word' id='word_1_231' title='bbox 1107 2943 1158 3001; x_wconf 82' lang='lat'><strong>38.</strong></span> <span class='ocrx_word' id='word_1_232' title='bbox 1183 2935 1241 3008; x_wconf 89' lang='grc' dir='ltr'>ΙΙΙ,</span> <span class='ocrx_word' id='word_1_233' title='bbox 1267 2942 1297 3008; x_wconf 90' lang='grc'><strong>3,</strong></span> 
     </span>
     <span class='ocr_line' id='line_1_29' title="bbox 178 3025 1298 3102; baseline -0.006 -12"><span class='ocrx_word' id='word_1_234' title='bbox 178 3031 238 3100; x_wconf 86' lang='grc'>32,</span> <span class='ocrx_word' id='word_1_235' title='bbox 273 3027 348 3102; x_wconf 79' lang='lat' dir='ltr'><strong>al),</strong></span> <span class='ocrx_word' id='word_1_236' title='bbox 392 3028 443 3086; x_wconf 88' lang='lat' dir='ltr'><strong>sed</strong></span> <span class='ocrx_word' id='word_1_237' title='bbox 477 3028 567 3087; x_wconf 87' lang='lat' dir='ltr'><strong>etiam</strong></span> <span class='ocrx_word' id='word_1_238' title='bbox 601 3028 823 3087; x_wconf 88' lang='lat' dir='ltr'><strong>inusitatiorem</strong></span> <span class='ocrx_word' id='word_1_239' title='bbox 858 3029 1019 3086; x_wconf 85' lang='lat' dir='ltr'><strong>verborum</strong></span> <span class='ocrx_word' id='word_1_240' title='bbox 1055 3025 1298 3102; x_wconf 87' lang='lat' dir='ltr'><strong>compositionem</strong></span> 
     </span>
    </p>
   </div>
   <div class='ocr_carea' id='block_1_6' title="bbox 176 3256 1300 3897">
    <p class='ocr_par' dir='ltr' id='par_1_7' title="bbox 176 3256 1300 3812">
     <span class='ocr_line' id='line_1_30' title="bbox 269 3256 1299 3328; baseline 0.001 -18"><span class='ocrx_word' id='word_1_241' title='bbox 269 3256 296 3325; x_wconf 80' lang='grc' dir='ltr'>Ι)</span> <span class='ocrx_word' id='word_1_242' title='bbox 315 3258 416 3313; x_wconf 80' lang='lat' dir='ltr'><strong>&#39;lotam</strong></span> <span class='ocrx_word' id='word_1_243' title='bbox 440 3257 474 3312; x_wconf 91' lang='lat' dir='ltr'><strong>de</strong></span> <span class='ocrx_word' id='word_1_244' title='bbox 499 3262 692 3328; x_wconf 86' lang='lat' dir='ltr'><strong>excerptorum</strong></span> <span class='ocrx_word' id='word_1_245' title='bbox 717 3259 825 3312; x_wconf 89' lang='lat' dir='ltr'><strong>ratione</strong></span> <span class='ocrx_word' id='word_1_246' title='bbox 844 3257 1035 3325; x_wconf 89' lang='lat' dir='ltr'><strong>quaestionem</strong></span> <span class='ocrx_word' id='word_1_247' title='bbox 1055 3257 1145 3310; x_wconf 88' lang='lat' dir='ltr'><strong>denuo</strong></span> <span class='ocrx_word' id='word_1_248' title='bbox 1164 3258 1299 3311; x_wconf 81' lang='lat' dir='ltr'><strong>tractavit</strong></span> 
     </span>
     <span class='ocr_line' id='line_1_31' title="bbox 177 3328 1298 3399; baseline -0.001 -16"><span class='ocrx_word' id='word_1_249' title='bbox 177 3333 367 3398; x_wconf 88' lang='lat' dir='ltr'><strong>quattuorque</strong></span> <span class='ocrx_word' id='word_1_250' title='bbox 380 3330 604 3399; x_wconf 85' lang='lat' dir='ltr'><strong>interpolationis</strong></span> <span class='ocrx_word' id='word_1_251' title='bbox 618 3347 721 3398; x_wconf 86' lang='lat' dir='ltr'><strong>genera</strong></span> <span class='ocrx_word' id='word_1_252' title='bbox 734 3330 864 3383; x_wconf 85' lang='lat' dir='ltr'><strong>distinxit</strong></span> <span class='ocrx_word' id='word_1_253' title='bbox 877 3329 914 3381; x_wconf 92' lang='lat' dir='ltr'><strong>M.</strong></span> <span class='ocrx_word' id='word_1_254' title='bbox 928 3328 1121 3383; x_wconf 83' lang='lat' dir='ltr'><strong>Rothsteinius</strong></span> <span class='ocrx_word' id='word_1_255' title='bbox 1134 3346 1181 3397; x_wconf 85' lang='lat' dir='ltr'><strong>pg.</strong></span> <span class='ocrx_word' id='word_1_256' title='bbox 1194 3329 1227 3379; x_wconf 84' lang='grc'><strong>25</strong></span> <span class='ocrx_word' id='word_1_257' title='bbox 1238 3347 1298 3396; x_wconf 87' lang='lat' dir='ltr'><strong>sqq.</strong></span> 
     </span>
     <span class='ocr_line' id='line_1_32' title="bbox 176 3399 1299 3470; baseline -0.002 -15"><span class='ocrx_word' id='word_1_258' title='bbox 176 3419 269 3470; x_wconf 91' lang='lat' dir='ltr'><strong>neque</strong></span> <span class='ocrx_word' id='word_1_259' title='bbox 288 3404 384 3455; x_wconf 90' lang='lat' dir='ltr'><strong>tamen</strong></span> <span class='ocrx_word' id='word_1_260' title='bbox 402 3401 467 3456; x_wconf 91' lang='lat' dir='ltr'><strong>novi</strong></span> <span class='ocrx_word' id='word_1_261' title='bbox 486 3401 640 3469; x_wconf 88' lang='lat' dir='ltr'><strong>quidquam</strong></span> <span class='ocrx_word' id='word_1_262' title='bbox 659 3401 693 3455; x_wconf 91' lang='lat' dir='ltr'><strong>de</strong></span> <span class='ocrx_word' id='word_1_263' title='bbox 717 3401 885 3470; x_wconf 84' lang='lat' dir='ltr'><strong>excerptoris</strong></span> <span class='ocrx_word' id='word_1_264' title='bbox 905 3400 1021 3455; x_wconf 87' lang='lat' dir='ltr'><strong>consilio</strong></span> <span class='ocrx_word' id='word_1_265' title='bbox 1046 3400 1076 3453; x_wconf 91' lang='lat' dir='ltr'><strong>in</strong></span> <span class='ocrx_word' id='word_1_266' title='bbox 1095 3399 1217 3453; x_wconf 89' lang='lat' dir='ltr'><strong>medium</strong></span> <span class='ocrx_word' id='word_1_267' title='bbox 1236 3417 1299 3468; x_wconf 90' lang='lat' dir='ltr'><strong>pro-</strong></span> 
     </span>
     <span class='ocr_line' id='line_1_33' title="bbox 176 3470 1299 3540; baseline -0.004 -13"><span class='ocrx_word' id='word_1_268' title='bbox 176 3474 255 3527; x_wconf 92' lang='lat' dir='ltr'><strong>tulit.</strong></span> <span class='ocrx_word' id='word_1_269' title='bbox 274 3500 309 3508; x_wconf 94' lang='lat'><strong>—</strong></span> <span class='ocrx_word' id='word_1_270' title='bbox 329 3472 407 3538; x_wconf 84' lang='lat' dir='ltr'><strong>Quod</strong></span> <span class='ocrx_word' id='word_1_271' title='bbox 434 3473 464 3526; x_wconf 91' lang='lat' dir='ltr'><strong>in</strong></span> <span class='ocrx_word' id='word_1_272' title='bbox 491 3490 621 3527; x_wconf 86' lang='lat' dir='ltr'><strong>versuum</strong></span> <span class='ocrx_word' id='word_1_273' title='bbox 649 3473 684 3536; x_wconf 89' lang='lat' dir='ltr'><strong>ll,</strong></span> <span class='ocrx_word' id='word_1_274' title='bbox 710 3472 735 3537; x_wconf 83' lang='lat'><strong>4,</strong></span> <span class='ocrx_word' id='word_1_275' title='bbox 762 3473 792 3524; x_wconf 91' lang='lat' dir='ltr'><strong>ll</strong></span> <span class='ocrx_word' id='word_1_276' title='bbox 815 3490 856 3539; x_wconf 93' lang='lat' dir='ltr'><strong>sq.</strong></span> <span class='ocrx_word' id='word_1_277' title='bbox 885 3472 969 3526; x_wconf 92' lang='lat' dir='ltr'><strong>titulo</strong></span> <span class='ocrx_word' id='word_1_278' title='bbox 994 3474 1183 3540; x_wconf 88' lang='lat' dir='ltr'><strong>excerptorem</strong></span> <span class='ocrx_word' id='word_1_279' title='bbox 1208 3470 1299 3540; x_wconf 87' lang='lat' dir='ltr'><strong>prima</strong></span> 
     </span>
     <span class='ocr_line' id='line_1_34' title="bbox 176 3542 1299 3614; baseline -0.003 -16"><span class='ocrx_word' id='word_1_280' title='bbox 176 3544 359 3614; x_wconf 86' lang='lat' dir='ltr'><strong>personanti</strong></span> <span class='ocrx_word' id='word_1_281' title='bbox 377 3544 528 3598; x_wconf 85' lang='lat' dir='ltr'><strong>arbitratus</strong></span> <span class='ocrx_word' id='word_1_282' title='bbox 548 3548 599 3608; x_wconf 90' lang='lat' dir='ltr'><strong>est,</strong></span> <span class='ocrx_word' id='word_1_283' title='bbox 619 3544 699 3612; x_wconf 87' lang='lat' dir='ltr'><strong>quasi</strong></span> <span class='ocrx_word' id='word_1_284' title='bbox 718 3562 776 3608; x_wconf 89' lang='lat' dir='ltr'><strong>sua,</strong></span> <span class='ocrx_word' id='word_1_285' title='bbox 796 3561 851 3597; x_wconf 92' lang='lat' dir='ltr'><strong>non</strong></span> <span class='ocrx_word' id='word_1_286' title='bbox 871 3543 942 3597; x_wconf 87' lang='lat' dir='ltr'><strong>alius</strong></span> <span class='ocrx_word' id='word_1_287' title='bbox 961 3545 1061 3612; x_wconf 70' lang='lat' dir='ltr'><strong>poetae</strong></span> <span class='ocrx_word' id='word_1_288' title='bbox 1080 3543 1166 3596; x_wconf 84' lang='lat' dir='ltr'><strong>v&#39;erba</strong></span> <span class='ocrx_word' id='word_1_289' title='bbox 1178 3542 1299 3607; x_wconf 85' lang='lat' dir='ltr'><strong>afferret,</strong></span> 
     </span>
     <span class='ocr_line' id='line_1_35' title="bbox 177 3613 1298 3679; baseline -0.001 -10"><span class='ocrx_word' id='word_1_290' title='bbox 177 3616 281 3669; x_wconf 89' lang='lat' dir='ltr'><strong>mirum</strong></span> <span class='ocrx_word' id='word_1_291' title='bbox 300 3615 330 3669; x_wconf 94' lang='lat' dir='ltr'><strong>in</strong></span> <span class='ocrx_word' id='word_1_292' title='bbox 348 3616 461 3669; x_wconf 88' lang='lat' dir='ltr'><strong>modum</strong></span> <span class='ocrx_word' id='word_1_293' title='bbox 479 3616 591 3670; x_wconf 90' lang='lat' dir='ltr'><strong>videtur</strong></span> <span class='ocrx_word' id='word_1_294' title='bbox 610 3632 730 3678; x_wconf 88' lang='lat' dir='ltr'><strong>errasse;</strong></span> <span class='ocrx_word' id='word_1_295' title='bbox 749 3615 898 3669; x_wconf 89' lang='lat' dir='ltr'><strong>nonenim</strong></span> <span class='ocrx_word' id='word_1_296' title='bbox 921 3615 976 3679; x_wconf 88' lang='lat' dir='ltr'><strong>,De</strong></span> <span class='ocrx_word' id='word_1_297' title='bbox 995 3613 1081 3667; x_wconf 90' lang='lat' dir='ltr'><strong>nimio</strong></span> <span class='ocrx_word' id='word_1_298' title='bbox 1097 3613 1159 3667; x_wconf 92' lang='lat' dir='ltr'><strong>dico</strong></span> <span class='ocrx_word' id='word_1_299' title='bbox 1178 3613 1298 3679; x_wconf 77' lang='lat' dir='ltr'><strong>dolore“,</strong></span> 
     </span>
     <span class='ocr_line' id='line_1_36' title="bbox 177 3685 1300 3756; baseline -0.003 -15"><span class='ocrx_word' id='word_1_300' title='bbox 177 3688 227 3741; x_wconf 90' lang='lat' dir='ltr'><strong>sed</strong></span> <span class='ocrx_word' id='word_1_301' title='bbox 259 3687 315 3751; x_wconf 84' lang='lat' dir='ltr'><strong>,lle</strong></span> <span class='ocrx_word' id='word_1_302' title='bbox 333 3686 481 3740; x_wconf 90' lang='lat' dir='ltr'><strong>immodico</strong></span> <span class='ocrx_word' id='word_1_303' title='bbox 507 3686 616 3740; x_wconf 83' lang='lat' dir='ltr'><strong>dolore“</strong></span> <span class='ocrx_word' id='word_1_304' title='bbox 647 3687 863 3756; x_wconf 85' lang='lat' dir='ltr'><strong>grammaticum</strong></span> <span class='ocrx_word' id='word_1_305' title='bbox 891 3686 971 3739; x_wconf 89' lang='lat' dir='ltr'><strong>illum</strong></span> <span class='ocrx_word' id='word_1_306' title='bbox 1000 3685 1142 3754; x_wconf 90' lang='lat' dir='ltr'><strong>scripsisse</strong></span> <span class='ocrx_word' id='word_1_307' title='bbox 1169 3685 1229 3739; x_wconf 87' lang='lat' dir='ltr'><strong>veri</strong></span> <span class='ocrx_word' id='word_1_308' title='bbox 1257 3689 1300 3739; x_wconf 90' lang='lat' dir='ltr'><strong>est</strong></span> 
     </span>
     <span class='ocr_line' id='line_1_37' title="bbox 176 3758 361 3812; baseline -0.005 0"><span class='ocrx_word' id='word_1_309' title='bbox 176 3758 361 3812; x_wconf 89' lang='lat' dir='ltr'><strong>simillimum.</strong></span> 
     </span>
    </p>

    <p class='ocr_par' dir='ltr' id='par_1_8' title="bbox 270 3827 1300 3897">
     <span class='ocr_line' id='line_1_38' title="bbox 270 3827 1300 3897; baseline -0.002 -15"><span class='ocrx_word' id='word_1_310' title='bbox 270 3828 297 3896; x_wconf 82' lang='lat'><strong>2)</strong></span> <span class='ocrx_word' id='word_1_311' title='bbox 315 3829 412 3883; x_wconf 90' lang='lat' dir='ltr'><strong>Veluti</strong></span> <span class='ocrx_word' id='word_1_312' title='bbox 435 3829 471 3894; x_wconf 90' lang='lat' dir='ltr'><strong>Il,</strong></span> <span class='ocrx_word' id='word_1_313' title='bbox 497 3830 521 3894; x_wconf 88' lang='lat'><strong>6,</strong></span> <span class='ocrx_word' id='word_1_314' title='bbox 543 3830 575 3882; x_wconf 86' lang='lat'><strong>19</strong></span> <span class='ocrx_word' id='word_1_315' title='bbox 595 3847 635 3897; x_wconf 88' lang='lat' dir='ltr'><strong>sq.</strong></span> <span class='ocrx_word' id='word_1_316' title='bbox 664 3847 732 3897; x_wconf 90' lang='lat' dir='ltr'><strong>quos</strong></span> <span class='ocrx_word' id='word_1_317' title='bbox 760 3847 855 3883; x_wconf 87' lang='lat' dir='ltr'><strong>versus</strong></span> <span class='ocrx_word' id='word_1_318' title='bbox 883 3828 922 3881; x_wconf 87' lang='lat' dir='ltr'><strong>sic</strong></span> <span class='ocrx_word' id='word_1_319' title='bbox 949 3831 1133 3882; x_wconf 90' lang='lat' dir='ltr'><strong>commutatos</strong></span> <span class='ocrx_word' id='word_1_320' title='bbox 1167 3827 1300 3881; x_wconf 88' lang='lat' dir='ltr'><strong>exhibent</strong></span> 
     </span>
    </p>
   </div>
   <div class='ocr_carea' id='block_1_7' title="bbox 136 3904 1413 4334">
    <p class='ocr_par' dir='ltr' id='par_1_9' title="bbox 179 3904 326 3955">
     <span class='ocr_line' id='line_1_39' title="bbox 179 3904 326 3955; baseline -0.007 0"><span class='ocrx_word' id='word_1_321' title='bbox 179 3919 260 3955; x_wconf 87' lang='lat' dir='ltr'><strong>exoer</strong></span> <span class='ocrx_word' id='word_1_322' title='bbox 281 3904 326 3955; x_wconf 86' lang='lat' dir='ltr'><strong>ta:</strong></span> 
     </span>
    </p>

    <p class='ocr_par' dir='ltr' id='par_1_10' title="bbox 136 3920 1299 4039">
     <span class='ocr_line' id='line_1_40' title="bbox 136 3920 1299 4039; baseline -0.008 -10"><span class='ocrx_word' id='word_1_323' title='bbox 136 4024 138 4029; x_wconf 80' lang='grc'>,</span> <span class='ocrx_word' id='word_1_324' title='bbox 261 3920 396 4026; x_wconf 62' lang='lat' dir='ltr'><strong>linirent</strong></span> <span class='ocrx_word' id='word_1_325' title='bbox 421 3972 504 4025; x_wconf 90' lang='lat' dir='ltr'><strong>multi</strong></span> <span class='ocrx_word' id='word_1_326' title='bbox 532 3972 588 4025; x_wconf 88' lang='lat' dir='ltr'><strong>leto</strong></span> <span class='ocrx_word' id='word_1_327' title='bbox 607 3973 696 4037; x_wconf 89' lang='lat' dir='ltr'><strong>mala,</strong></span> <span class='ocrx_word' id='word_1_328' title='bbox 725 3971 838 4026; x_wconf 85' lang='lat' dir='ltr'><strong>credula</strong></span> <span class='ocrx_word' id='word_1_329' title='bbox 863 3971 951 4025; x_wconf 85' lang='lat' dir='ltr'><strong>vitam</strong></span> <span class='ocrx_word' id='word_1_330' title='bbox 971 3971 1039 4039; x_wconf 82' lang='lat' dir='ltr'><strong>Spes</strong></span> <span class='ocrx_word' id='word_1_331' title='bbox 1058 3971 1134 4024; x_wconf 87' lang='lat' dir='ltr'><strong>fovet</strong></span> <span class='ocrx_word' id='word_1_332' title='bbox 1153 3971 1181 4023; x_wconf 90' lang='lat' dir='ltr'><strong>et</strong></span> <span class='ocrx_word' id='word_1_333' title='bbox 1199 3968 1299 4022; x_wconf 90' lang='lat' dir='ltr'><strong>melius</strong></span> 
     </span>
    </p>

    <p class='ocr_par' dir='ltr' id='par_1_11' title="bbox 180 4040 1298 4113">
     <span class='ocr_line' id='line_1_41' title="bbox 180 4040 1298 4113; baseline -0.004 -16"><span class='ocrx_word' id='word_1_334' title='bbox 180 4063 240 4098; x_wconf 85' lang='lat' dir='ltr'><strong>eras</strong></span> <span class='ocrx_word' id='word_1_335' title='bbox 260 4045 318 4098; x_wconf 88' lang='lat' dir='ltr'><strong>fore</strong></span> <span class='ocrx_word' id='word_1_336' title='bbox 337 4061 446 4112; x_wconf 84' lang='lat' dir='ltr'><strong>semper</strong></span> <span class='ocrx_word' id='word_1_337' title='bbox 465 4043 514 4108; x_wconf 85' lang='lat' dir='ltr'><strong>ait,</strong></span> <span class='ocrx_word' id='word_1_338' title='bbox 533 4061 584 4113; x_wconf 89' lang='lat' dir='ltr'><strong>pro</strong></span> <span class='ocrx_word' id='word_1_339' title='bbox 603 4043 729 4097; x_wconf 87' lang='lat' dir='ltr'><strong>codicum</strong></span> <span class='ocrx_word' id='word_1_340' title='bbox 748 4043 883 4097; x_wconf 88' lang='lat' dir='ltr'><strong>lectione:</strong></span> <span class='ocrx_word' id='word_1_341' title='bbox 906 4042 986 4106; x_wconf 81' lang='lat' dir='ltr'><strong>,lam</strong></span> <span class='ocrx_word' id='word_1_342' title='bbox 997 4042 1074 4094; x_wconf 89' lang='lat' dir='ltr'><strong>mala</strong></span> <span class='ocrx_word' id='word_1_343' title='bbox 1092 4041 1214 4094; x_wconf 90' lang='lat' dir='ltr'><strong>finissem</strong></span> <span class='ocrx_word' id='word_1_344' title='bbox 1233 4040 1298 4103; x_wconf 88' lang='lat' dir='ltr'><strong>leto,</strong></span> 
     </span>
    </p>

    <p class='ocr_par' dir='ltr' id='par_1_12' title="bbox 181 4110 1413 4185">
     <span class='ocr_line' id='line_1_42' title="bbox 181 4110 1413 4185; baseline -0.005 -17"><span class='ocrx_word' id='word_1_345' title='bbox 181 4117 227 4170; x_wconf 90' lang='lat' dir='ltr'><strong>sed</strong></span> <span class='ocrx_word' id='word_1_346' title='bbox 247 4115 362 4169; x_wconf 88' lang='lat' dir='ltr'><strong>credula</strong></span> <span class='ocrx_word' id='word_1_347' title='bbox 380 4132 402 4168; x_wconf 91' lang='lat' dir='ltr'><strong>e.</strong></span> <span class='ocrx_word' id='word_1_348' title='bbox 423 4133 449 4182; x_wconf 93' lang='lat' dir='ltr'><strong>q.</strong></span> <span class='ocrx_word' id='word_1_349' title='bbox 470 4113 505 4169; x_wconf 82' lang='lat' dir='ltr'><strong>s.“</strong></span> <span class='ocrx_word' id='word_1_350' title='bbox 546 4115 586 4179; x_wconf 91' lang='lat' dir='ltr'><strong>Il,</strong></span> <span class='ocrx_word' id='word_1_351' title='bbox 606 4115 637 4179; x_wconf 83' lang='lat'><strong>5,</strong></span> <span class='ocrx_word' id='word_1_352' title='bbox 658 4114 690 4167; x_wconf 92' lang='grc'><strong>12</strong></span> <span class='ocrx_word' id='word_1_353' title='bbox 709 4132 759 4185; x_wconf 91' lang='lat' dir='ltr'><strong>pro</strong></span> <span class='ocrx_word' id='word_1_354' title='bbox 777 4114 916 4183; x_wconf 86' lang='lat' dir='ltr'><strong>Lygdami</strong></span> <span class='ocrx_word' id='word_1_355' title='bbox 941 4131 1036 4167; x_wconf 81' lang='lat' dir='ltr'><strong>versu:</strong></span> <span class='ocrx_word' id='word_1_356' title='bbox 1066 4113 1140 4177; x_wconf 86' lang='lat' dir='ltr'><strong>,Nec</strong></span> <span class='ocrx_word' id='word_1_357' title='bbox 1159 4128 1205 4165; x_wconf 89' lang='lat' dir='ltr'><strong>cor</strong></span> <span class='ocrx_word' id='word_1_358' title='bbox 1224 4110 1299 4164; x_wconf 90' lang='lat' dir='ltr'><strong>solli·</strong></span> <span class='ocrx_word' id='word_1_359' title='bbox 1410 4159 1413 4163; x_wconf 86' lang='grc'>,</span> 
     </span>
    </p>

    <p class='ocr_par' dir='ltr' id='par_1_13' title="bbox 180 4182 1298 4334">
     <span class='ocr_line' id='line_1_43' title="bbox 180 4182 1298 4255; baseline -0.005 -15"><span class='ocrx_word' id='word_1_360' title='bbox 180 4187 272 4240; x_wconf 83' lang='lat' dir='ltr'><strong>citant</strong></span> <span class='ocrx_word' id='word_1_361' title='bbox 289 4187 366 4240; x_wconf 83' lang='lat' dir='ltr'><strong>facta</strong></span> <span class='ocrx_word' id='word_1_362' title='bbox 392 4185 514 4240; x_wconf 82' lang='lat' dir='ltr'><strong>nefanda</strong></span> <span class='ocrx_word' id='word_1_363' title='bbox 532 4186 651 4251; x_wconf 81' lang='lat' dir='ltr'><strong>meum“,</strong></span> <span class='ocrx_word' id='word_1_364' title='bbox 676 4186 749 4242; x_wconf 88' lang='lat' dir='ltr'><strong>hanc</strong></span> <span class='ocrx_word' id='word_1_365' title='bbox 772 4185 908 4255; x_wconf 88' lang='lat' dir='ltr'><strong>praebent</strong></span> <span class='ocrx_word' id='word_1_366' title='bbox 932 4185 1101 4239; x_wconf 90' lang='lat' dir='ltr'><strong>sententiam</strong></span> <span class='ocrx_word' id='word_1_367' title='bbox 1124 4182 1298 4253; x_wconf 85' lang='lat' dir='ltr'><strong>generalem:</strong></span> 
     </span>
     <span class='ocr_line' id='line_1_44' title="bbox 404 4256 1043 4334; baseline -0.003 -24"><span class='ocrx_word' id='word_1_368' title='bbox 404 4256 407 4261; x_wconf 75' lang='grc'><em>“</em></span> <span class='ocrx_word' id='word_1_369' title='bbox 431 4257 591 4310; x_wconf 82' lang='lat' dir='ltr'><strong>Sollicitant</strong></span> <span class='ocrx_word' id='word_1_370' title='bbox 609 4261 705 4327; x_wconf 89' lang='lat' dir='ltr'><strong>pectus</strong></span> <span class='ocrx_word' id='word_1_371' title='bbox 724 4258 800 4311; x_wconf 86' lang='lat' dir='ltr'><strong>facta</strong></span> <span class='ocrx_word' id='word_1_372' title='bbox 819 4256 940 4334; x_wconf 82' lang='lat' dir='ltr'><strong>nefanda</strong></span> <span class='ocrx_word' id='word_1_373' title='bbox 958 4274 1043 4310; x_wconf 88' lang='lat' dir='ltr'><strong>rcum.</strong></span> 
     </span>
    </p>
   </div>
   <div class='ocr_carea' id='block_1_8' title="bbox 1123 4344 1140 4396">
    <p class='ocr_par' dir='ltr' id='par_1_14' title="bbox 1123 4344 1140 4396">
     <span class='ocr_line' id='line_1_45' title="bbox 1123 4344 1140 4396; baseline 0 0"><span class='ocrx_word' id='word_1_374' title='bbox 1123 4344 1140 4396; x_wconf 94' lang='grc'>2</span> 
     </span>
    </p>
   </div>
   <div class='ocr_carea' id='block_1_9' title="bbox 0 0 1486 5026">
    <p class='ocr_par' dir='ltr' id='par_1_15' title="bbox 0 0 1486 5026">
     <span class='ocr_line' id='line_1_46' title="bbox 0 0 1486 5026; baseline 0 0"><span class='ocrx_word' id='word_1_375' title='bbox 0 0 1486 5026; x_wconf 95' lang='lat' dir='ltr'><strong> </strong></span> 
     </span>
    </p>
   </div>
  </div>
 </body>
</html>
