2946 5026
624 339 841 398 „24-

172 511 253 586 quod
277 511 367 570 etiam
390 510 571 570 Lachmanni
596 511 710 571 codices
741 511 881 571 exhibent
913 530 1030 582 omnes3
1065 510 1160 570 altera
1191 512 1294 570 autem

172 619 264 658 manu
288 600 456 676 adscriptus
480 603 525 659 est
548 619 652 660 versus
677 600 714 659 ab
738 600 871 676 Aurispa
893 600 1084 677 suppositus:

280 706 318 766 Et
341 709 447 783 potum
470 707 562 767 fessas
586 708 693 767 ducere
717 707 901 779 fluminibus,

173 815 222 875 cui
256 815 396 875 Muretus
431 815 462 873 in
500 816 653 876 veteribus
687 815 838 875 codicibus
881 816 1058 874 adnotatum
1092 815 1186 875 fuisse
1221 816 1295 875 dicit

175 923 299 979 „versus
310 904 493 981 *Aurispaet
533 904 573 963 Et
586 904 780 964 Eboracensis
803 907 924 980 praeter
940 903 1066 965 Senecae
1090 908 1293 964 commentum

173 994 299 1054 eundem
329 995 408 1053 hunc
431 1013 552 1054 versum
576 989 745 1054 exhibuisse
774 995 899 1066 dicitur;
931 993 962 1052 in
985 995 1155 1054 Monacensi
1190 998 1294 1054 autem

172 1084 228 1144 hoc
250 1084 491 1160 supplementum
514 1083 628 1142 inveni:

280 1188 391 1268 Cogere
414 1210 482 1250 cum
506 1210 635 1266 parvum
657 1193 755 1250 matre
778 1190 868 1250 simul
891 1190 1033 1250 vitulum.

261 1297 403 1358 Eiusdem
435 1297 575 1357 carminis
607 1300 675 1374 post
707 1316 828 1357 versum
854 1304 893 1363 77
920 1298 989 1376 (75)
1025 1318 1095 1358 cum
1123 1298 1296 1357 hexameter

173 1387 346 1458 excidisset,
380 1386 562 1446 Lachmanni
592 1387 705 1447 codices
737 1387 850 1462 aliique
885 1385 1012 1447 Senecae
1040 1388 1138 1464 (velut
1160 1387 1294 1462 Monac.)

175 1479 206 1535 01
240 1475 369 1534 aliorum
401 1476 621 1536 commenticios
656 1494 760 1536 versus
796 1480 1040 1552 assumpserunt,
1076 1476 1295 1536 Ambrosianus

173 1568 275 1624 autem
298 1565 509 1643 integerrimus
533 1565 583 1625 ille
607 1569 637 1624 et
660 1565 826 1626 Vaticanus
856 1567 911 1626 hoc
946 1585 1067 1642 quoque
1099 1567 1164 1626 1000
1188 1584 1294 1625 versus

173 1653 256 1713 nullo
280 1655 377 1730 spatio
400 1655 569 1715 intermisso
592 1656 771 1726 conectunt,
796 1654 1051 1730 Guelferbytanus
1074 1656 1164 1715 unius
1189 1674 1294 1714 versus

173 1744 371 1802 interstitium
404 1744 546 1820 reliquit,
579 1762 639 1819 quo
671 1745 702 1802 in
725 1745 883 1804 intervallo
908 1763 1029 1804 versum
1052 1765 1142 1821 quem
1166 1744 1294 1804 Puccius

172 1832 342 1892 Pontanum
365 1833 534 1909 reposuisse
556 1836 698 1907 testatur,
723 1834 850 1894 inseruit
873 1854 979 1894 manus
1004 1835 1153 1895 secunda:

278 1939 302 1998 0
326 1940 448 2000 valeant
470 1940 571 2000 cultus
595 1944 625 2000 et
647 1941 759 2000 tinctae
781 1941 895 2000 murice
919 1942 1014 2001 lanae.

172 2045 388 2106 Ambrosianus
403 2047 435 2104 in
450 2047 586 2124 margine
603 2048 722 2107 exhibet
738 2048 888 2108 Francisci
910 2048 1060 2125 Philelphi
1076 2050 1292 2108 commentum:

279 2152 303 2212 Ο
327 2154 445 2213 utinam
469 2157 583 2215 veteres
606 2158 800 2234 peragrantes
823 2174 905 2215 more
929 2156 1065 2232 puellae;

173 2279 242 2320 cum
273 2260 448 2336 Philelphus
480 2261 532 2320 1110
567 2282 593 2320 0.
623 2267 707 2327 1398
738 2265 844 2334 natue,
878 2283 903 2324 a.
933 2267 1013 2327 1481
1040 2262 1210 2322 Florentiae
1243 2263 1293 2321 de·

173 2350 310 2421 cesserit,
341 2353 465 2426 apparet
496 2369 556 2426 quo
587 2351 653 2410 iure
684 2351 883 2412 Baehrensius
916 2352 951 2412 de
981 2351 1172 2412 Ambrosiani
1200 2370 1293 2410 manu

123 2465 125 2469 ⁴
172 2439 336 2498 recentiore
359 2439 547 2500 iudicaverit.

262 2545 397 2622 Denique
420 2565 474 2622 pro
498 2565 588 2606 versu
610 2545 668 2621 ΙΙΙ,
694 2552 723 2619 4,
750 2552 810 2624 65,
840 2567 930 2624 quem
954 2567 988 2606 ex
1012 2548 1180 2626 fragmento
1205 2546 1293 2606 Ouia-

172 2635 258 2695 ciano
289 2635 374 2695 nobis
405 2636 566 2695 restituere
589 2637 735 2715 contigit,
768 2657 837 2697 cum
860 2636 1093 2697 Lachmanniani
1117 2637 1292 2697 exhibeant:

280 2740 394 2803 Saevus
418 2761 501 2801 amor
524 2743 627 2803 docuit
651 2744 788 2803 dominae
810 2744 874 2804 fera
897 2746 990 2804 verba
1012 2745 1165 2814 minantis,

174 2848 287 2908 codices
311 2847 523 2907 Baehrensiani
546 2850 673 2908 tradunt
695 2849 789 2920 nihil,
824 2850 882 2908 nisi
906 2851 986 2926 quod
1018 2851 1049 2909 10
1073 2849 1100 2908 G
1131 2850 1168 2908 ab
1199 2851 1295 2909 altera

173 2956 265 2995 manu
288 2937 462 2997 correctrice
485 2936 615 2996 Pontani
638 2956 743 2997 versus
768 2939 922 3015 appositus
946 2943 1007 2998 est:

280 3044 366 3103 Flere
389 3063 442 3103 000
465 3047 535 3103 0010
557 3044 646 3119 pedes
669 3045 782 3120 pudeat
804 3045 1015 3119 dominamque
1038 3046 1185 3117 0000001).

175 3150 294 3210 Codices
323 3153 425 3210 eutem
457 3151 573 3226 aliquot
604 3151 775 3211 recentioris
807 3152 916 3212 aetatis
941 3170 1061 3212 versum
1084 3150 1247 3230 fragmenti
1271 3150 1295 3208 F

175 3240 274 3316 ipsum
289 3240 320 3298 in
337 3241 497 3300 verborum
521 3242 663 3299 contextu
687 3240 836 3313 exhibant,
861 3244 980 3318 praeter
995 3241 1115 3301 Pocchii
1139 3244 1169 3300 et
1182 3240 1297 3299 Perreii

176 3333 314 3405 excerpta
337 3331 459 3389 vetusta
482 3329 595 3389 codices
620 3328 836 3402 Corvinianus,
863 3330 1023 3391 Vossianus
1046 3330 1165 3402 tertius,
1190 3330 1297 3388 Mona-

175 3419 314 3495 censisb,
354 3418 419 3492 alii,
456 3437 530 3495 quos
566 3436 666 3478 omnes
699 3439 733 3479 ex
756 3420 808 3479 illo
831 3420 907 3480 libro
932 3421 1045 3497 optimo
1067 3420 1203 3480 virorum
1226 3419 1297 3479 doc·

175 3509 276 3567 torum
308 3508 419 3568 saeculi
441 3507 498 3565 XV
531 3527 621 3583 opera
652 3528 773 3568 versum
804 3509 967 3585 accepisse,
1002 3529 1057 3588 ego
1090 3509 1211 3586 quidem
1241 3528 1297 3584 pro

176 3600 257 3667 certo
280 3598 384 3671 habeo,
410 3617 478 3657 cum
501 3597 532 3656 in
560 3597 601 3656 eis
624 3598 742 3656 nullum
766 3599 929 3677 vestigium
952 3599 1110 3659 meliorum
1132 3598 1298 3659 lectionum

176 3706 267 3763 quam
291 3706 364 3763 quas
388 3686 501 3746 codices
524 3686 707 3746 Lachmanni
735 3691 765 3747 et
787 3688 948 3748 Baehrensi
971 3690 1127 3764 praebent,
1151 3688 1297 3765 indagare

176 3847 389 3861 -q—*q-——m-

266 3941 292 4009 1)
312 3944 484 3999 Lachmanni
502 3962 598 4014 appar.
618 3945 679 3998 crit.
700 3945 828 3999 adhunc
847 3945 946 3999 locum.

266 4038 293 4107 2)
313 4041 343 4096 Si
362 4059 395 4095 ea
413 4041 490 4111 qu'ae·
503 4042 627 4111 Heynius
646 4042 676 4098 in
695 4043 737 4096 ed.
757 4061 807 4096 sua
825 4042 864 4096 IV
883 4062 929 4113 pg.
949 4043 1055 4096 XXVII
1075 4043 1110 4097 de
1129 4042 1297 4097 Corviniano

176 4109 308 4179 tradidit,
334 4131 397 4168 cum
416 4114 576 4170 Monacensi
601 4115 739 4179 conferas,
764 4114 935 4170 arbitrabere
959 4116 1077 4170 fortasse
1100 4114 1204 4168 librum
1223 4114 1297 4175 hunc

176 4204 264 4244 unum
283 4185 454 4258 eundemque
474 4203 533 4244 esse
552 4188 637 4258 atque
656 4185 746 4254 illum,
765 4189 815 4245 aut
833 4190 908 4245 certe
927 4186 1109 4246 simillimum.
