2946 5026
752 384 971 443 -22-

296 559 382 618 ribus
405 557 547 617 disseruit
571 556 778 633 epistulasque
802 557 866 616 eius
890 577 916 615 a.
946 562 1031 621 1374
1055 557 1091 616 ad
1116 557 1226 616 amicos
1250 557 1286 616 de
1310 555 1422 615 catulli

297 646 507 723 Propertiique
523 646 674 707 codicibus
690 646 748 706 sibi
764 645 959 721 procurandis
976 647 1061 706 datas
1078 647 1224 722 exirerpsit
1235 646 1270 725 1).
1298 645 1423 703 Manum

298 736 504 796 correctricem
528 736 720 795 Ambrosiani
743 755 811 794 raro
836 735 867 794 in
883 736 1060 795 universum
1076 739 1269 812 apparentem
1290 735 1424 810 quinque

298 826 404 885 saltem
434 824 583 884 decenniis
613 825 809 884 recentiorem
842 843 903 884 esse
926 825 1142 899 Baehrensius,
1175 829 1212 884 ut
1234 824 1314 883 infra
1337 823 1422 883 vido-

297 915 407 985 bimus,
432 932 486 973 suo
502 914 569 972 iure
586 913 748 988 contendit,
772 933 871 990 neque
888 933 922 973 ea
938 915 1068 974 codicem
1084 916 1148 973 ullo
1165 913 1252 973 modo
1276 912 1421 972 foedavit.

388 1030 530 1088 Alterum
553 1029 683 1094 codicem
706 1028 889 1088 Vaticanum
914 1030 955 1102 V,
988 1029 1059 1089 olim
1088 1030 1191 1088 Fulvii
1214 1029 1333 1104 Ursini,
1360 1029 1424 1089 Gu-

299 1121 404 1178 stavus
427 1117 532 1178 Locwe
556 1121 587 1177 et
618 1118 780 1196 Augustus
811 1118 884 1177 Mau
916 1119 1034 1178 saeculo
1058 1118 1131 1176 XIV
1162 1122 1289 1178 excunte
1321 1119 1425 1195 potius

299 1227 389 1284 quam
419 1208 543 1267 incunte
566 1207 622 1264 XV
654 1210 808 1267 exaratum
840 1226 903 1268 essa
936 1210 1098 1268 testantur.
1146 1208 1211 1278 Quo
1234 1210 1371 1283 ternpore
1396 1211 1426 1267 et

299 1296 410 1373 quibus
433 1296 571 1356 manibus
594 1296 643 1356 hic
666 1296 706 1356 sit
730 1300 892 1369 correctus,
916 1297 991 1355 nihil
1016 1298 1052 1356 ad
1077 1297 1185 1357 codicis
1210 1297 1426 1357 auctoritatem

298 1386 520 1462 ponderandam
542 1385 685 1459 interest,
710 1404 780 1445 cum
803 1386 899 1461 primo
924 1390 1047 1462 aspectu
1072 1389 1231 1463 appareat,
1256 1388 1426 1464 complures

298 1474 392 1534 Italos
414 1475 643 1551 interpolatores
666 1479 771 1550 postea
794 1475 857 1535 sive
882 1495 916 1534 ex
940 1476 1006 1534 aliis
1029 1476 1114 1536 libris
1137 1476 1301 1535 lectionum
1324 1477 1425 1536 varie·

298 1567 388 1638 tates
412 1564 476 1624 sive
499 1583 554 1623 sua
576 1564 711 1640 ipsorum
736 1567 904 1624 commenta
928 1563 1159 1641 adscripsissel).

388 1679 525 1756 Denique
549 1679 822 1756 Guelferbytanum
845 1679 871 1739 G
895 1680 1096 1740 Baehrensius
1129 1681 1206 1740 circa
1242 1701 1268 1738 a.
1297 1685 1382 1745 1425
1410 1702 1426 1740 e

300 1768 399 1828 codice
429 1769 591 1828 saeculiX
624 1769 673 1827 vel
695 1769 738 1827 XI
770 1769 954 1846 descriptum
985 1788 1048 1830 esse
1079 1790 1114 1828 ex
1138 1771 1306 1846 scripturae
1329 1791 1426 1829 mem·

300 1858 523 1934 branarumque
554 1858 670 1917 ratione
702 1858 759 1918 sibi
790 1857 983 1935 persuasitl).
1031 1859 1159 1935 Aliquot
1182 1859 1331 1919 decenniis
1355 1864 1425 1935 post

300 1951 355 2007 aut
370 1947 517 2006 Jovianus
533 1946 688 2007 Pontanus
709 1947 781 2023 ipse,
806 1948 858 2024 qui
882 1948 930 2007 vir
952 1949 1059 2008 doctus
1083 1968 1110 2006 a.
1132 1954 1214 2012 1426
1240 1951 1424 2022 matuatus,

301 2042 356 2111 aut
378 2036 492 2097 amicus
516 2037 638 2113 quidam
662 2036 726 2096 eius
741 2037 1008 2113 interpretamenta
1034 2037 1370 2113 emendatiunculasquc
1395 2040 1425 2098 et

302 2126 333 2184 in
356 2128 444 2185 textu
468 2145 559 2202 supra
575 2125 667 2185 lineas
692 2127 775 2185 etin
798 2127 933 2204 margine
957 2127 1121 2198 adnotavit,
1146 2127 1219 2203 quin
1243 2128 1335 2186 etiam
1360 2127 1421 2203 pri·

302 2215 389 2275 stinis
412 2215 592 2275 lectionibus
616 2215 707 2274 erasis
731 2234 822 2275 novas
847 2217 957 2292 partim
981 2217 1017 2275 de
1040 2236 1094 2276 suo
1118 2216 1228 2293 petitas
1252 2217 1364 2292 partim
1390 2237 1423 2276 ex

300 2304 425 2364 alterius
448 2304 580 2364 familiae
601 2300 703 2364 'codice
726 2305 857 2380 quodam
880 2305 911 2363 in
938 2306 1038 2382 ipsum
1061 2308 1223 2366 verborum
1248 2309 1422 2366 contextum

300 2393 438 2469 inseruit,
464 2414 542 2469 quae
565 2396 667 2453 tamen
691 2413 791 2453 omnes
814 2393 900 2454 facile
924 2395 1132 2455 dinoscuntur.

388 2508 453 2568 Hos
475 2508 638 2568 Baehrensi
663 2508 777 2569 codices
802 2528 871 2569 cum
895 2513 1106 2581 exararentur,
1131 2510 1278 2570 Italorum
1302 2511 1422 2571 temeri·

300 2600 394 2659 tatem
425 2597 679 2674 interpolatricem
712 2599 844 2657 nondum
868 2602 1004 2675 expertos
1028 2617 1100 2670 esse,
1124 2599 1193 2660 iude
1216 2601 1328 2676 optime
1352 2620 1421 2678 cog·

301 2687 444 2762 noscitur,
470 2687 550 2764 quod
574 2687 601 2746 ei
624 2687 679 2746 soli
703 2708 739 2746 ex
768 2690 855 2748 tanto
887 2688 1022 2748 codicum
1046 2708 1182 2761 numero,
1207 2690 1260 2765 qui
1283 2690 1422 2749 adhuca

301 2776 374 2836 viris
397 2777 491 2836 doctis
516 2776 631 2837 excussi
655 2780 743 2847 suut,
776 2795 825 2837 eas
848 2778 970 2838 lacunas
1003 2797 1080 2853 quae
1107 2778 1139 2837 in
1161 2778 1346 2838 Lachmanni
1374 2799 1422 2838 co·

301 2866 417 2926 dicibus
448 2866 507 2925 alio
538 2865 604 2924 aliis
635 2866 772 2926 versibus
795 2867 912 2927 ficticiis
936 2869 1009 2926 suut
1033 2868 1176 2943 expletae,
1201 2868 1330 2928 intactas
1354 2887 1423 2944 pro-

301 2959 464 3034 pagarunt.

391 3071 466 3130 Cum
489 3071 621 3130 enimin
644 3071 743 3131 codice
767 3072 928 3148 archetypo
951 3074 1019 3148 post
1035 3091 1156 3133 versum
1178 3073 1203 3148 Ι,
1230 3080 1258 3144 2,
1284 3077 1325 3137 25
1349 3093 1423 3148 pen-

301 3163 430 3221 tameter
446 3160 598 3234 exciderit,
622 3160 817 3221 Eboraceusis
839 3161 1068 3238 suppositicium
1089 3181 1209 3222 versum
1232 3165 1269 3222 ab
1285 3162 1424 3221 Johanne

303 3249 435 3325 Aurispa
466 3250 664 3333 compositum
698 3250 741 3327 (id
764 3251 845 3326 quod
876 3251 966 3311 codex
988 3250 1153 3311 Vaticanus
1183 3257 1269 3316 2794
1292 3254 1426 3311 testatur

394 3494 421 3565 l)
440 3497 481 3552 De
501 3497 610 3552 Colutio
624 3496 763 3565 (Coluccio
782 3500 811 3553 di
823 3500 904 3555 Piero
914 3496 956 3555 dc’
967 3499 1102 3567 Salutati)
1112 3502 1157 3555 vd.
1168 3519 1278 3571 quoque
1288 3503 1319 3557 G.
1328 3503 1426 3574 Voigt,

303 3570 356 3624 Die
373 3569 617 3640 wiederbelebung
643 3571 691 3626 des
710 3572 879 3627 classischen
903 3573 1071 3627 alterthums
1098 3573 1165 3627 oder
1189 3574 1239 3628 das
1259 3577 1331 3629 erste
1346 3575 1428 3643 jahr-

304 3641 426 3695 hundert
444 3641 492 3694 des
511 3641 702 3696 humauismus
720 3641 753 3708 Il,
772 3662 819 3713 pg.
840 3642 891 3696 194
909 3663 969 3712 sqq.

392 3754 420 3823 2)
441 3757 540 3812 Confer·
558 3758 710 3814 Baehrensi
728 3759 770 3814 ed.
791 3760 851 3815 Tib.
871 3762 941 3830 prol.
960 3780 1007 3832 pg.
1027 3761 1088 3815 VH.

394 3869 421 3940 3)
442 3873 542 3928 Confer
568 3873 720 3929 Baehrensi
749 3876 818 3945 prol.
846 3895 893 3946 pg.
913 3876 947 3929 X.
990 3875 1031 3930 De
1058 3876 1258 3931 recentioribus
1284 3876 1429 3932 codicibus

305 3945 407 4000 littaris
426 3945 632 4015 langobardicis
652 3946 773 4000 exaratis
791 3946 856 4002 vide
875 3964 946 4015 quae
965 3948 997 4002 G.
1008 3947 1103 4018 Voigt,
1122 3949 1140 4001 l.
1160 3966 1183 4001 c.
1198 3943 1223 4000 1²
1242 3966 1288 4017 pg.
1301 3948 1352 4001 401
1365 3968 1428 4018 sqq.

305 4017 340 4072 dc
359 4016 460 4086 Poggii
485 4020 514 4071 at
531 4017 626 4072 Nicoli
653 4017 771 4082 ,litteris
791 4018 930 4086 antiquis“
952 4019 1090 4074 disseruit.
1127 4019 1217 4073 Erunt
1240 4020 1359 4076 fortasse
1379 4021 1429 4089 qui

306 4106 339 4143 ex
357 4088 456 4142 horum
480 4088 602 4143 virorum
625 4089 770 4143 doctorum
789 4090 900 4144 officina
923 4093 956 4145 ut
981 4091 1023 4145 ita
1042 4091 1147 4156 dicam,
1167 4091 1291 4145 codicem
1310 4092 1334 4145 G
1354 4093 1430 4147 arbi·

305 4162 416 4215 trentur
434 4159 597 4230 profectum,
617 4160 717 4230 quibus
735 4179 771 4216 ne
790 4162 983 4230 assentiamur,
1003 4161 1110 4219 lacunis
1129 4161 1169 4220 cis
1188 4162 1222 4218 de
1242 4163 1342 4235 quibus
1362 4181 1428 4226 mox

306 4231 519 4301 disputabimus,
538 4232 714 4305 impedimur.
