2946 5026
435 1106 585 1172 ΟΑΡΗΤ
608 1106 829 1172 ΑΠΕΒΗΜ.

126 1251 173 1327 De
202 1236 372 1328 codicibus
399 1250 680 1326 Lachmannianis
708 1263 743 1326 et
771 1250 1025 1326 Baehreusianis
1053 1250 1136 1330 lv,

158 1449 203 1508 De
233 1448 451 1512 recentioribus
483 1449 636 1508 codicibus
667 1449 720 1525 qui
751 1469 768 1508 a
800 1449 904 1508 Oarolo
936 1449 1126 1511 Lachmanno
1159 1455 1189 1512 et

62 1537 198 1598 Aemilio
221 1538 401 1598 Baehrensio
432 1538 462 1596 in
494 1542 673 1614 apparatum
706 1537 845 1598 criticum
877 1539 1024 1614 assumpti
1047 1544 1127 1611 sunt,
1153 1545 1190 1600 ut

62 1629 149 1688 recte
172 1627 306 1688 iudicare
329 1627 486 1704 possimus,
511 1627 641 1704 primum
666 1646 762 1702 pauca
785 1629 821 1687 de
845 1626 982 1688 codicum
1003 1631 1101 1688 aetate
1117 1634 1189 1689 sunt

63 1717 232 1789 monenda3
268 1716 374 1776 deinde
409 1735 604 1793 quaeremuS,
638 1720 744 1775 utrum
774 1735 874 1776 omnes
905 1736 940 1776 ex
972 1718 1074 1776 eodem
1105 1717 1188 1779 fonte

10 1834 12 1845 ν
63 1807 256 1865 manaverint
288 1826 325 1864 an
356 1805 386 1865 id
419 1806 499 1882 quod
534 1805 565 1863 in
600 1826 633 1865 re
666 1805 771 1866 critica
803 1806 970 1866 factitando
1002 1807 1111 1866 summi
1143 1812 1188 1869 est

64 1895 175 1970 pretii,
209 1896 310 1972 plures
335 1914 410 1972 quas
441 1895 546 1955 dieunt
577 1895 740 1955 habeamus
764 1895 899 1960 codicum
929 1895 1077 1967 familias3
1111 1917 1189 1972 quae

65 1984 205 2060 quaestio
236 1985 280 2044 ita
303 1985 415 2060 optime
446 1984 519 2042 mihi
551 1985 673 2044 videtur
703 1984 843 2056 institui,
873 1988 910 2043 ut
933 2004 950 2042 a
973 1986 1187 2046 vetustissimis

65 2073 267 2134 recentiorum
302 2074 429 2150 ideoque
460 2073 582 2133 minime
612 2073 801 2150 interpolatis
824 2074 1022 2133 Ambrosiano
1046 2076 1186 2135 (11171111-

65 2182 138 2222 cano
170 2162 331 2223 Baehrensi
362 2163 595 2239 proficiscentes,
625 2183 685 2240 quo
721 2163 907 2241 cognationis
937 2163 1058 2223 vinculo
1088 2164 1185 2226 Lach-

64 2251 168 2310 manni
192 2251 345 2311 Parisinus
376 2256 475 2312 aetate
505 2252 659 2328 proximus
691 2272 760 2312 cum
788 2252 847 2310 illis
871 2252 1049 2314 coniunctus
1073 2254 1112 2313 sit
1136 2274 1186 2313 ex·

64 2341 239 2417 planemus‚
273 2345 341 2400 tum
373 2362 447 2401 num
470 2341 654 2402 Lachmanni
684 2343 721 2402 de
752 2342 838 2400 libris
862 2342 890 2400 A
914 2341 989 2401 etG
1020 2344 1185 2404 sententiae

61 2430 203 2490 assentiri
232 2431 379 2506 possimus
414 2431 587 2502 videamus,
625 2431 753 2507 denique
789 2430 1061 2506 Guelferbytanum
1096 2453 1185 2510 quem

60 2519 262 2579 Baehrensius
286 2520 364 2578 alius
386 2520 518 2579 familiae
533 2521 729 2598 propaginem
745 2539 807 2580 esse
831 2524 940 2593 censet,
966 2514 1192 2595 examinemus3'

60 2611 213 2685 postremo
244 2609 307 2667 utri
331 2609 432 2687 generi
456 2609 602 2669 librorum
625 2610 721 2671 maior
745 2610 909 2672 auctoritas
939 2610 1102 2670 tribuenda
1133 2612 1183 2685 sit,

61 2697 248 2760 constituere
271 2699 454 2763 conabimur.

336 2909 359 2964 1.
378 2910 420 2964 De
438 2908 569 2964 codicum
588 2909 786 2965 recentiorum
804 2909 910 2965 aetate.

151 3039 196 3099 De
219 3039 403 3101 Lachmanni
426 3039 577 3100 codicibus
601 3039 661 3097 iam
684 3058 776 3115 supra
798 3039 1029 3098 memoravimus
1052 3037 1182 3114 primum

59 3128 115 3205 qui
132 3131 197 3188 erat
213 3129 426 3205 archiepiscopi
446 3128 651 3199 Eboraoensis,
676 3129 704 3186 A
728 3147 805 3188 anno
827 3133 908 3192 1425
933 3146 995 3187 esse
1015 3130 1181 3200 exaratum,

58 3219 192 3277 alterum
215 3218 385 3278 Parisinum
406 3222 502 3293 7989,
526 3218 551 3276 B
575 3236 652 3277 anno
679 3218 761 3282 1423
787 3217 944 3293 scriptum,
969 3220 1083 3277 ceteros
1107 3236 1182 3292 quos

58 3307 279 3368 recentissimos
296 3308 369 3368 dicit
392 3307 438 3366 vir
456 3307 656 3379 doctissimus
681 3311 761 3367 certe
776 3307 871 3366 altera
886 3305 998 3366 saeculi
1008 3306 1068 3363 XV
1084 3309 1180 3382 parte,

59 3416 131 3457 cum
155 3397 257 3456 studia
288 3397 480 3472 antiquitatis
511 3397 572 3456 iam
603 3396 730 3454 maxime
761 3396 900 3455 florerent
932 3397 1024 3470 atque
1047 3395 1181 3455 virorum

59 3487 220 3545 doctorum
252 3487 377 3546 audacia
404 3486 619 3562 temeritasque
646 3486 678 3544 in
702 3485 855 3545 codicibus
879 3484 1061 3561 corrigendis
1083 3485 1181 3562 magis

58 3574 219 3653 magisque
231 3575 379 3652 glisceret,
395 3593 456 3634 esse
468 3575 632 3647 confectos3
646 3574 860 3634 Askewianum
872 3574 993 3650 quidem
1007 3593 1083 3633 anno
1097 3575 1179 3639 1463

59 3666 218 3724 exaratum
242 3682 304 3724 esse
327 3667 454 3729 constat,

150 3752 353 3813 EBaehrensi
369 3757 471 3813 autem
488 3753 640 3814 codicibus
656 3751 873 3812 Ambrosianus
896 3753 924 3811 A
941 3752 1020 3813 circa
1036 3773 1062 3812 a.
1085 3758 1179 3824 1374,

59 3843 85 3901 si
100 3862 161 3902 non
177 3843 266 3919 paulo
284 3846 382 3914 antea,
407 3843 536 3918 scriptus
561 3860 623 3902 esse
646 3841 782 3914 videtur3
807 3861 842 3900 ex
858 3842 1078 3918 subscriptione
1101 3842 1180 3902 enim

60 3953 139 4008 quae
163 3933 194 3990 in
216 3932 273 3991 fine
296 3934 486 3992 membranae
509 3933 576 4008 post
599 3930 713 3991 Tibulli
735 3931 831 3990 vitam
856 3930 958 3990 addita
982 3934 1044 3991 est:
1071 3930 1180 4006 „Liber

60 4021 176 4082 Colucii
205 4021 291 4097 pyeri
323 4021 497 4082 Cancellerii
528 4020 710 4094 florentini“‚
742 4021 873 4080 codicem
904 4019 1017 4080 Oolutii
1047 4018 1180 4080 Salutati

59 4110 154 4171 fuisse
177 4111 383 4189 intellegitur,
415 4111 451 4169 de
475 4129 535 4186 quo
559 4110 707 4170 librorum
733 4130 825 4169 manu
849 4110 1032 4187 scriptorum
1053 4110 1179 4169 investi-

59 4203 166 4282 gatore
189 4199 389 4264 Baehrensius
412 4201 443 4258 in
466 4201 580 4282 proleg.
605 4199 744 4265 editionis
768 4219 841 4263 suae
857 4198 966 4263 carun.
990 4199 1085 4282 ng
1108 4201 1178 4280 plu·
