2946 5026
725 348 975 434 ‘-ca-

307 547 412 622 quinto
436 547 718 622 opportunissimam
739 566 881 607 versuum
907 552 985 623 5sq.
1011 547 1156 608 contineri
1180 546 1427 623 explicationem

305 636 358 694 illo
394 635 472 695 enim
505 637 585 712 quod
608 637 689 696 vitae
724 636 829 696 inertis
864 656 956 714 genus
980 655 1070 696 versu
1100 637 1207 713 quinto
1236 635 1428 707 intellexerit,

181 725 187 738 ’
306 725 508 799 demonstrat,
541 726 596 784 hoc
629 725 808 786 sententiam
838 745 942 785 versus
972 726 1049 785 sexti
1080 726 1173 802 (Dum
1195 743 1280 785 meus
1305 724 1429 785 adsiduo

306 814 406 874 luceat
437 814 507 893 igne
533 814 630 890 focus)
662 815 748 875 tenui
783 815 834 873 filo
868 815 998 875 deducit.
1044 815 1120 873 Tum
1144 815 1321 893 religionem
1345 832 1429 873 suam

304 907 411 979 utpote
444 924 503 979 qua
534 922 599 980 spes
630 923 685 962 sua
716 904 843 977 nitatur,
868 905 1072 981 pietatemque
1095 923 1166 982 ergo
1189 904 1259 964 deos
1284 903 1429 982 agricolas

305 993 457 1063 describit,
483 1012 613 1068 quorum
636 994 742 1053 seriem
765 994 838 1069 ipsis
854 993 999 1068 praedioli
1016 994 1156 1069 pauperis
1172 993 1318 1069 patronis,
1343 992 1428 1051 Lari·

304 1083 362 1142 bus
378 1083 551 1141 memoratis
568 1083 728 1144 concludit.
768 1081 848 1141 Olim
863 1083 972 1153 vitula,
996 1083 1105 1159 inquit,
1130 1101 1215 1142 caesa
1229 1082 1429 1141 lustravimus

304 1191 423 1249 gregem
448 1171 707 1242 innumerabilem,
732 1192 812 1231 nunc
837 1192 915 1250 agna
939 1172 1036 1232 solum
1059 1172 1145 1232 vobis
1168 1172 1355 1242 immolatur,
1380 1171 1429 1230 sed

303 1261 379 1319 hane
402 1279 518 1319 summa
541 1261 699 1321 voluntate
722 1261 903 1321 dedicamus.
932 1255 1084 1321 'Observa
1108 1261 1156 1333 sis,
1187 1260 1338 1336 quomodo
1369 1279 1429 1320 uno

304 1352 423 1411 tantum
457 1351 549 1410 verbo
588 1351 802 1409 sententiarum
839 1351 886 1410 hic
921 1351 975 1409 fiat
1007 1350 1196 1410 coniunctio:
1233 1371 1251 1408 a
1286 1349 1429 1424 pauperis

303 1439 477 1513 patrimonii
510 1439 660 1498 mentione
690 1439 818 1498 fortuita
850 1440 887 1498 ad
914 1440 989 1499 hanc
1013 1458 1107 1517 agnae
1129 1439 1267 1515 pervenit
1289 1438 1428 1497 immole-

303 1528 425 1586 tionem.
472 1527 586 1588 Deinde
617 1529 729 1604 optime
761 1548 840 1604 quae
873 1532 918 1588 est
950 1547 998 1587 ars
1029 1529 1093 1588 eius
1121 1547 1180 1587 non
1202 1527 1289 1586 fluvii
1320 1527 1427 1586 similis

304 1617 445 1675 continuo
469 1617 577 1676 itinere
600 1618 736 1677 celeriter
759 1618 954 1691 decurrentis,
983 1617 1034 1677 sed
1057 1618 1141 1676 lacus
1165 1617 1325 1693 tranquilli
1342 1617 1429 1676 euius

302 1705 386 1781 ripae
409 1705 520 1764 iterum
543 1707 716 1782 iterumque
739 1706 832 1765 isdem
856 1708 1014 1765 alluuntur
1037 1707 1136 1777 undis,
1169 1706 1281 1782 optime
1304 1706 1429 1782 inquam

303 1798 464 1870 postquam
494 1795 670 1873 religionem
686 1796 907 1875 pietatemque
938 1815 1024 1855 suam
1054 1795 1222 1868 enarravit,
1256 1795 1322 1854 voti
1345 1794 1427 1854 illius

304 1885 384 1960 quod
416 1902 507 1943 versu
540 1887 623 1944 sexto
656 1885 741 1957 feeit,
777 1886 857 1944 unde
888 1887 954 1944 tota
985 1885 1107 1944 deorum
1137 1883 1238 1944 cultus
1253 1884 1426 1960 descriptio

304 1973 438 2048 profecta
462 1975 520 2044 est,
553 1973 702 2033 reminisci
724 1974 846 2033 videtur
870 1975 958 2049 (vers.
986 1978 1025 2037 25
1050 1976 1126 2049 sq.):
1160 1973 1226 2032 Iam
1256 1974 1347 2032 modo
1369 1973 1425 2031 iam

303 2062 412 2138 possim
452 2065 611 2122 contentus
649 2064 751 2122 vivere
785 2081 878 2138 parvo
921 2063 983 2122 Nee
1020 2081 1136 2138 semper
1168 2063 1275 2140 longae
1308 2062 1426 2122 deditus

303 2169 365 2211 esse
390 2151 466 2210 viae.
507 2151 610 2228 Atque
634 2152 687 2227 qui
710 2171 790 2211 nunc
813 2154 993 2228 sequuntur,
1018 2153 1154 2211 versibus
1178 2151 1320 2211 chordam
1344 2151 1425 2209 illam
1469 2222 1471 2227 Α

303 2260 394 2315 quam
419 2258 508 2300 versu
534 2248 551 2304 5
576 2259 619 2316 sq.
643 2242 751 2300 leviter
783 2241 901 2319 attigit,
936 2242 997 2300 iam
1026 2241 1195 2317 paullulum
1227 2239 1340 2300 fortius
1370 2240 1424 2298 im·
1469 2260 1471 2265 ’

302 2329 389 2406 pellit
413 2332 443 2389 et
464 2330 551 2389 nobis
575 2330 659 2404 quali
675 2330 755 2389 vitae
778 2331 910 2389 rusticae
934 2330 1085 2389 suavitate
1108 2329 1260 2390 alliciatur
1284 2318 1422 2388 ostendit.
1469 2382 1471 2387 ,

302 2418 360 2478 Sed
390 2419 494 2477 statim
524 2437 561 2476 ne
589 2437 677 2478 curas
709 2419 831 2495 quidem
862 2419 1009 2497 agricolae
1039 2419 1217 2493 laboresque
1245 2438 1298 2494 per
1333 2417 1423 2477 inter·
1469 2476 1471 2481 .

300 2507 406 2566 missas
429 2507 604 2567 rusticantis
620 2509 792 2584 voluptates
816 2526 878 2567 sese
902 2507 1034 2568 refutare
1058 2507 1232 2583 profitetur3
1257 2517 1328 2565 nam
1351 2523 1423 2582 opus

302 2601 347 2655 est
370 2599 467 2655 rastro
492 2599 522 2656 et
553 2601 652 2656 aratro
686 2598 780 2656 colere
809 2597 954 2674 agellum,
991 2615 1066 2672 opus
1099 2599 1144 2656 est
1166 2614 1294 2671 parvum
1329 2595 1424 2654 tutari

301 2705 402 2762 pecus,
449 2684 552 2761 Atque
582 2687 730 2745 desertam
761 2706 878 2764 agnam.
903 2687 933 2763 in
966 2686 1033 2744 sinu
1056 2686 1166 2745 referet
1189 2687 1294 2760 poeta,
1327 2703 1423 2760 neque
1469 2692 1471 2737 ἓ

301 2775 366 2849 lupi
389 2775 530 2850 furesque
555 2774 721 2850 quidquam
745 2775 905 2850 arripient,
935 2794 1005 2834 cum
1031 2775 1094 2852 ipse
1118 2778 1269 2850 pastorem
1293 2776 1422 2850 quotan-

301 2864 347 2922 nis
370 2864 500 2923 lustrare
523 2863 686 2938 Palemque
709 2864 787 2923 lacte
811 2882 968 2942 aspergere
991 2864 1095 2923 soleat.
1148 2938 1151 2945 Ι

392 2951 500 3028 Itaque
523 2958 682 3029 postquam
709 2953 882 3028 explicavit,
915 2972 968 3011 cur
999 2972 1052 3027 per
1081 2954 1178 3011 totam
1201 2951 1297 3012 vitam
1327 2951 1423 3010 nullas

300 3042 373 3101 belli
401 3043 518 3101 labores
549 3060 723 3117 perpessum
751 3061 845 3118 parvo
876 3060 930 3100 suo
972 3041 1150 3117 patrimonio
1188 3058 1219 3100 se
1250 3042 1424 3100 contentum

302 3148 364 3189 esse
395 3149 481 3206 posse
512 3134 646 3207 speraret
670 3166 710 3174 —
736 3151 804 3190 cum
838 3135 868 3190 et
901 3150 988 3208 agros
1022 3131 1131 3190 coleret
1166 3132 1195 3189 et
1231 3133 1425 3189 veneraretur

300 3220 370 3279 deos
399 3254 433 3264 —
460 3219 536 3278 nihil
565 3220 592 3279 ei
624 3220 776 3295 reliquum
805 3224 850 3280 est
880 3220 938 3278 nisi
968 3222 1005 3278 ut
1033 3220 1103 3279 deos
1132 3219 1253 3278 invocet
1280 3237 1319 3277 ne
1349 3218 1425 3278 dona

300 3327 356 3369 sua
378 3309 519 3386 religiose
542 3309 696 3385 proposita
720 3312 927 3384 aspernentur.
974 3308 1052 3366 Tum
1081 3308 1193 3367 iterum
1217 3306 1291 3366 satis
1314 3326 1425 3385 magna

300 3397 357 3456 sibi
381 3387 481 3475 segete
504 3401 621 3457 ostensa
644 3399 682 3456 ad
705 3397 893 3457 dulcedinem
925 3400 955 3457 et
988 3397 1200 3456 amoenitatem
1224 3396 1308 3455 vitae
1331 3415 1424 3472 quam

301 3507 325 3545 a·
341 3487 420 3545 curis
443 3487 502 3545 illis
525 3486 714 3564 negotiisque
737 3487 859 3546 rusticis
883 3490 914 3546 et
937 3507 954 3544 a
977 3487 1101 3546 deorum
1123 3485 1221 3563 gratia
1237 3484 1296 3545 sibi
1311 3487 1423 3560 eperat,

299 3576 410 3634 transit
425 3576 655 3635 describendam.
695 3577 784 3635 Nunc
807 3576 936 3651 denique
960 3575 1056 3635 otium
1080 3575 1229 3633 rusticum
1252 3592 1310 3632 non
1335 3574 1425 3633 modo

300 3666 471 3736 adumbrat,
496 3667 546 3725 sed
571 3666 651 3724 omni
675 3665 898 3743 pigmentorum
922 3665 994 3724 flore
1017 3668 1047 3723 et
1071 3663 1168 3724 colore
1192 3665 1316 3722 exornat
1332 3665 1424 3738 (vers.

298 3759 337 3817 41
365 3756 444 3830 saa)

390 3843 474 3902 Nihil
497 3843 594 3921 igitur
618 3844 698 3919 quod
721 3844 752 3901 in
777 3842 906 3902 carmine
930 3843 985 3901 hoc
1013 3843 1211 3911 offendamus,
1243 3840 1356 3901 habere
1378 3842 1426 3901 vi-

299 3933 423 4006 demur,
456 3932 514 3991 nisi
546 3933 627 4008 quod
657 3932 778 3991 initium
810 3950 915 3991 versus
940 3936 1000 3996 35:
1035 3931 1092 3990 Hic
1125 3949 1179 4007 ego
1211 3932 1427 4006 pastoremque

299 4042 401 4081 meum
424 4041 450 4080 e.
475 4041 504 4097 q.
529 4039 572 4096 sq.
595 4022 682 4096 plane
707 4025 752 4081 est
775 4021 993 4096 importunum,
1019 4039 1088 4079 cum
1111 4038 1171 4094 quo
1194 4018 1259 4078 loco
1282 4018 1427 4080 Tibullus

300 4115 434 4187 pastores
468 4130 650 4188 gregemque
681 4111 827 4170 lustratos
863 4109 1030 4187 significare
1060 4107 1207 4179 voluerit,
1243 4126 1304 4167 non
1334 4109 1426 4169 facile

298 4200 503 4277 intellegatur.
540 4198 625 4269 Quod
650 4199 760 4259 vitium
783 4218 843 4258 non
867 4198 958 4259 sicuti
973 4197 1104 4258 Haasius
1127 4196 1253 4271 censuit,
1278 4215 1425 4258 versuum
