2946 5026
630 390 848 450 ..47-

177 578 232 635 pro
256 580 290 619 ea
313 581 404 638 quam
428 562 609 638 archetypus
633 563 740 623 codicis
763 562 791 622 Gr
814 564 844 621 et
858 564 1075 639 excerptorum
1094 561 1299 622 Parisinorum

178 649 314 749 exhibuit
334 652 514 726 „adoperta“
533 654 675 727 praebere
696 652 771 710 mihi
786 652 916 711 videtur.
957 651 1057 711 Multo
1081 652 1159 711 enim
1182 671 1298 735 γραφι·

178 758 316 819 κωτερον
348 741 426 799 illud
457 741 572 800 dictum
605 744 650 801 est
680 745 772 817 atque
801 741 872 801 huic
904 741 1061 818 praecipua
1094 743 1158 801 loco
1186 742 1297 817 aptius,

177 847 244 887 cum
269 829 300 887 in
315 829 452 889 versibus
476 831 672 907 sequentibus
696 832 798 891 eadem
813 831 929 891 Praeda
952 831 1039 908 quasi
1055 849 1181 906 persona
1196 849 1296 909 agens,

176 917 207 976 id
231 921 276 978 est
300 922 422 995 operata
444 920 616 982 inducatur.
656 920 759 995 Atque
774 920 891 980 facilius
916 924 997 981 certe
1012 921 1194 981 vocabulum
1217 920 1298 996 quod

177 1010 223 1066 est
246 1008 404 1084 adoperta,
429 1009 460 1066 in
484 1009 584 1070 locum
607 1009 687 1069 vocis
713 1012 874 1085 „operata“
899 1009 993 1085 recipi
1024 1009 1173 1086 potuisse,
1208 1029 1299 1086 quam

176 1114 281 1166 secus,
315 1117 351 1156 ex
383 1117 487 1158 versus
510 1098 551 1172 II,
578 1104 607 1169 5,
632 1103 673 1163 95
705 1099 862 1174 scripturis
892 1098 1100 1176 intellegitur:
1131 1099 1160 1157 A
1183 1102 1297 1174 operta,

179 1184 205 1242 V
232 1189 281 1260 „et
305 1191 428 1262 operta“
455 1188 540 1263 falso,
566 1186 592 1246 G
618 1191 778 1264 „operatas
805 1191 896 1251 recte.

266 1310 342 1370 Cum
365 1314 468 1372 autem
492 1312 529 1371 ad
552 1313 699 1371 bonarum
722 1312 886 1372 lectionum
910 1330 1071 1371 nnmerum
1093 1310 1243 1371 codicisG
1267 1315 1297 1372 et

176 1399 316 1479 florilegii
348 1401 552 1461 communium
580 1421 692 1476 pravae
722 1402 777 1461 hae
807 1419 901 1477 paene
925 1400 987 1459 sint
1009 1401 1130 1475 nullae,
1163 1401 1297 1475 reliquae

176 1509 297 1564 quoque
321 1490 488 1565 scripturae
511 1491 654 1564 illorum,
688 1491 724 1550 de
757 1491 869 1565 quibus
896 1489 1031 1564 alioquin
1054 1489 1193 1550 dubitare
1216 1489 1296 1563 licet,

175 1597 230 1653 pro
254 1581 403 1656 germanis
427 1580 535 1640 codicis
558 1580 714 1655 archetypi
737 1580 765 1638 X
788 1579 940 1639 habendae
970 1581 1052 1638 sunt.
1098 1579 1296 1655 Recipiantur

175 1667 272 1744 igitur
295 1668 325 1726 in
350 1669 509 1728 editionem
533 1672 652 1745 oportet
674 1670 745 1729 hae:

208 1809 234 1882 Ι,
260 1816 289 1882 3,
316 1817 375 1875 71:
399 1811 477 1871 Tum
712 1812 796 1872 Tunc
815 1811 852 1870 Y.

258 1905 287 1971 8,
336 1906 371 1965 9:
398 1902 519 1977 prodest
540 1900 644 1960 molles
712 1901 815 1961 molles
839 1900 961 1976 prodest
983 1899 1020 1959 Y.

257 1994 287 2062 8,
315 1995 373 2053 10:
398 1989 492 2066 Saepe
516 1994 546 2050 et
711 1989 864 2066 Saepeque
887 1989 924 2053 Y.

188 2105 229 2177 Π,
258 2111 285 2179 1,
312 2112 370 2170 29:
395 2108 546 2168 celebrant
711 2108 861 2167 celebrent
884 2106 920 2163 Y.

260 2202 285 2269 l,
311 2201 369 2260 45:
394 2201 461 2256 tum
706 2201 781 2256 tunc
803 2196 839 2255 Y.

173 2311 231 2383 ΙΙΙ,
257 2317 287 2382 3,
313 2318 371 2377 29:
396 2313 464 2372 Non
713 2313 775 2373 Nec
798 2312 834 2371 Y.

255 2406 284 2474 6,
314 2407 368 2466 13:
393 2402 504 2464 feroces
711 2402 838 2462 ferocem
861 2402 897 2460 Y.

261 2563 316 2621 His
344 2563 481 2623 omnibus
514 2564 592 2623 enim
623 2563 780 2638 scripturis
810 2563 963 2640 graviores
994 2580 1101 2621 causae
1133 2561 1293 2637 quominus

172 2672 243 2711 vera
266 2652 378 2711 Tibulli
403 2654 502 2712 verba'
516 2655 663 2728 putentur
686 2671 745 2711 non
769 2653 907 2724 obstant3
938 2652 968 2709 in
1000 2671 1062 2709 una
1084 2649 1294 2709 tantummodo

171 2760 275 2800 versus
307 2740 348 2811 ΙΙ,
389 2749 415 2810 l,
453 2747 493 2805 29
533 2741 743 2801 coniunctivus
778 2742 966 2816 „celebrent“
1003 2740 1163 2815 paululum
1195 2739 1294 2814 aptior

170 2850 263 2905 quam
278 2831 459 2889 indicativus
476 2831 606 2890 videtur.
642 2831 687 2890 De
703 2848 793 2890 versu
816 2830 841 2901 I,
870 2835 919 2903 10,
945 2834 997 2900 46,
1022 2828 1125 2905 quoX
1153 2828 1289 2903 „panda“

171 2920 300 2993 exhibet,
325 2920 514 2994 Y„curva“,
538 2919 618 2979 infra
641 2920 671 2977 in
695 2920 878 2979 auctoritate
900 2918 1009 2979 codicis
1032 2917 1187 2994 archetypi
1211 2916 1293 2975 flori·

169 3008 242 3086 legii
265 3011 295 3068 et
316 3007 545 3084 Guelferbytani
567 3009 759 3084 ponderanda
781 3010 969 3069 disseremus,

258 3134 324 3192 lam
348 3134 384 3192 ad
409 3152 458 3192 eas
480 3133 621 3193 lectiones
646 3133 877 3211 aggrediamur,
912 3133 1023 3209 quibus
1048 3131 1186 3205 excerpta
1209 3129 1284 3189 Par·

169 3223 233 3283 sina
257 3243 274 3281 a
298 3222 534 3298 Guelferbytano
557 3223 747 3282 dissentiunt.
795 3222 1031 3298 interpolatione
1062 3221 1184 3297 quidem
1208 3221 1292 3278 ortae

171 3315 243 3372 sunt
267 3315 321 3371 aut
343 3315 423 3372 certe
452 3312 481 3369 in
515 3313 614 3371 codiee
646 3311 806 3388 utriusque
838 3312 969 3371 familiae
999 3311 1162 3387 archetypo
1185 3306 1209 3367 0
1233 3326 1291 3367 non

172 3403 338 3462 extiterunt
361 3402 431 3460 illae
455 3421 532 3477 quae
547 3401 595 3461 vel
618 3402 648 3459 in
670 3400 761 3461 Gvel
784 3402 815 3459 in
838 3401 983 3479 florilegio
1008 3403 1146 3458 exaratae
1170 3419 1187 3457 a
1211 3400 1291 3458 cete·

171 3510 274 3549 rorum
312 3491 458 3550 librorum
498 3509 643 3550 consensu
682 3490 901 3553 destituuntur.
960 3489 1045 3548 Duae
1079 3490 1135 3547 hae
1169 3491 1291 3547 tantum

153 3580 337 3655 scripturae
360 3579 401 3649 II,
431 3586 457 3649 l,
485 3585 521 3643 9:
555 3585 627 3638 sunt
649 3580 676 3637 Y
699 3580 767 3650 Par,
796 3579 856 3638 sint
881 3578 906 3637 G
931 3581 960 3637 et
983 3577 1024 3647 ΙΙ,
1055 3583 1080 3648 l,
1107 3583 1166 3640 89:
1198 3576 1291 3635 fulvis

169 3669 196 3726 Y
220 3669 306 3742 Pan,
339 3668 436 3727 furvis
461 3667 502 3740 G,
532 3669 642 3744 quibus
673 3669 824 3728 consensio
853 3667 1075 3728 codicumAV
1099 3671 1129 3725 et
1152 3664 1290 3742 florilegii

169 3759 341 3818 testimonio
358 3756 587 3834 Guelferbytani
609 3758 732 3817 inferior
756 3760 810 3833 est,
834 3757 863 3814 in
888 3756 1050 3832 utriusque
1073 3755 1204 3815 familiae
1221 3773 1291 3829 pro·

170 3848 287 3925 geniem
312 3866 410 3907 errore
433 3847 585 3922 irrepsisse
601 3847 753 3919 videntur,
777 3847 808 3906 id
831 3847 912 3922 quod
934 3845 1074 3905 facillime
1090 3844 1154 3902 fieri
1169 3843 1288 3920 potuit3

170 3937 265 3997 altera
288 3941 367 3997 certe
390 3936 478 3995 lectio
502 3956 537 3994 ex
561 3953 664 3996 versus
689 3936 890 3996 antecedentis
914 3934 1061 3994 vocabulo
1077 3933 1199 4008 „fulva“
1218 3951 1289 4008 pro-

169 4026 248 4086 fecta
279 4029 333 4085 est.
381 4024 491 4084 Contra
521 4025 567 4083 his
599 4025 670 4086 locis
695 4024 925 4101 Guelferbytani
953 4023 1094 4083 librarius
1123 4022 1289 4098 interpola-

169 4116 250 4175 tione
274 4115 336 4174 sive
360 4114 494 4175 socordia
517 4114 624 4174 codicis
649 4115 804 4191 archetypi
818 4112 842 4173 0
858 4113 1000 4175 lectiones
1023 4111 1207 4186 immutavit,
1232 4111 1289 4170 AV

168 4223 325 4282 germanas
350 4204 505 4264 exhibent:
