2946 5026
522 404 718 462 ..9,-

55 577 249 653 triumphum
279 578 366 651 duci,
397 578 427 636 id
451 578 532 653 quod
556 579 593 637 de
616 576 705 637 victis
728 577 840 646 solum,
872 595 931 634 non
954 576 990 634 de
1014 575 1180 636 victoribus

56 667 201 742 usurpari
225 669 333 742 potest.

149 755 202 830 IV,
229 761 258 827 5,
287 762 299 818 l
327 755 367 813 F:
401 755 459 825 Qui
482 755 573 829 mihi,
606 755 715 816 ceteri:
748 754 804 814 nse
837 753 899 831 qui.
946 751 1012 811 Etsi
1044 753 1179 813 codicum

56 847 232 904 nostrorum
254 844 342 905 lectio
375 845 628 920 quemadmodum
652 865 687 903 ex
718 843 789 903 libri
812 843 835 900 F
861 842 1009 918 scriptura
1038 844 1105 901 orta
1128 843 1178 915 sit,

55 954 117 994 non
140 935 227 994 facile
251 934 458 1010 explicabitur,
482 939 583 994 tamen
606 935 659 1011 qui
675 933 873 993 Baehrensius
890 931 1094 991 amantissima
1108 933 1181 993 haee

58 1027 152 1084 verba
176 1027 205 1084 et
229 1023 415 1084 dulcissima:
654 1083 661 1105 ¹

149 1113 207 1183 Qui
230 1113 328 1171 mihi
352 1117 393 1184 te,
419 1113 567 1184 Cerintho,
591 1113 653 1172 dies
675 1112 767 1185 dedit,
792 1111 840 1170 hic
863 1110 937 1168 mihi
960 1114 1082 1170 sanetus

216 1203 319 1278 Atque
342 1203 421 1262 inter
443 1202 536 1262 festos
560 1221 676 1278 semper
699 1201 854 1261 habendus
878 1200 936 1259 erit

56 1293 88 1350 in
112 1292 247 1351 ieiunum
270 1293 344 1352 illud
373 1292 437 1366 ,Idu
454 1292 507 1369 qui
522 1295 571 1352 te“
599 1291 733 1368 potuerit
757 1294 951 1364 commutare,
976 1309 1097 1366 prorsus
1120 1308 1179 1350 non

56 1381 214 1457 perspicio.
258 1380 361 1441 Omnis
386 1381 464 1440 enim
487 1381 579 1440 huius
604 1381 660 1441 loci
684 1382 738 1440 flos
762 1380 902 1455 colorque
926 1380 985 1439 ista
1007 1380 1180 1440 coniectura

56 1472 186 1534 deletur.

148 1559 231 1630 Quae
255 1560 279 1618 si
302 1563 382 1619 recte
405 1561 561 1636 disputata
584 1562 665 1633 sunt,
698 1560 759 1618 iam
782 1560 818 1618 de
842 1558 899 1618 fide
922 1578 956 1618 ao
979 1559 1108 1635 pondere
1131 1578 1180 1619 eo·

56 1650 159 1709 dicum
189 1652 361 1709 nostrorum
394 1653 509 1710 certum
540 1649 605 1708 fieri
632 1653 732 1725 potest
764 1648 920 1707 iudicium.
968 1647 1046 1706 Nam
1074 1649 1181 1708 menda

55 1740 110 1798 illa
132 1759 213 1798 mero
236 1739 351 1799 librarii
376 1758 475 1798 errore
498 1738 670 1799 socordiave
694 1741 815 1812 exorta,
850 1757 927 1813 quae
958 1737 989 1795 in
1011 1737 1180 1816 fragmento

56 1828 218 1888 Ouiaciano
248 1828 341 1888 fuisse
371 1829 513 1888 videntur
546 1829 626 1887 haud
656 1829 701 1887 ita
725 1829 871 1904 pauca¹),
901 1828 933 1885 in
955 1828 1011 1887 hae
1034 1827 1180 1887 librorum

56 1918 288 1994 comparatione,
313 1938 381 1978 eum
402 1919 493 1978 ceteri
518 1938 638 1995 quoque
663 1919 776 1978 codices
798 1917 911 1992 pariter
934 1919 1068 1976 scateant
1100 1936 1180 1976 erro-

55 2007 153 2081 ribuS,
179 2008 364 2085 neglegenda
387 2026 450 2068 esse
472 2008 623 2067 duximus.

148 2096 295 2166 Quoniam
333 2097 430 2174 igitur
465 2097 496 2154 in
534 2100 619 2158 tanto
655 2097 924 2172 discrepantiarum
959 2116 1083 2155 numero
1118 2098 1181 2156 tres

55 2186 266 2246 tantummodo
283 2206 388 2246 versus
411 2187 669 2262 deprehendimus,
694 2187 805 2262 quibus
829 2185 1028 2245 recentiorum
1045 2185 1181 2245 codicum

55 2276 146 2335 lectio
170 2294 224 2351 pro
247 2296 319 2335 vera
343 2295 544 2354 germanaque
568 2276 705 2335 habenda
729 2295 791 2335 esse
816 2278 869 2334 aut
893 2274 1016 2351 propius
1040 2275 1180 2351 quamF

56 2367 95 2424 ad
119 2366 279 2425 veritatem
304 2366 440 2425 accedere
457 2366 588 2441 videtur,
613 2365 719 2425 ceteris
736 2368 838 2425 autem
854 2364 925 2428 locis
942 2363 1080 2424 omnibus
1096 2364 1180 2441 frag·

56 2458 194 2514 mentum
218 2455 293 2513 illdd
310 2455 473 2533 genuinam
496 2455 677 2530 scripturam
690 2454 831 2514 exhibere
852 2456 896 2513 est
913 2453 1180 2524 evidentissimum,

55 2545 89 2602 in
114 2565 148 2604 ea
173 2563 294 2621 quoquc
318 2545 485 2604 carminum
507 2544 749 2605 Tibullianorum
773 2546 867 2619 parte,
893 2541 924 2600 in
948 2562 1008 2618 qua
1033 2541 1178 2603 codicisF

57 2633 192 2694 subsidio
216 2652 320 2693 sumus
344 2633 494 2705 destituti,
518 2633 591 2709 quin
616 2633 710 2692 nostri
733 2633 803 2693 libri
826 2631 1024 2690 multifariam
1046 2633 1180 2706 interpo-

56 2723 223 2783 lationibus
238 2722 298 2783 sint
314 2723 474 2800 inquinati,
499 2723 615 2782 diutius
639 2723 773 2782 dubitari
795 2721 910 2798 nequit.
946 2720 1032 2780 Unde
1057 2723 1181 2797 apparet

58 2816 151 2888 atque
184 2814 285 2884 extat,
318 2812 468 2888 duplicem
501 2813 605 2888 primis
635 2811 726 2872 medii
758 2811 824 2871 aevi
858 2810 984 2871 saeculis
1016 2809 1181 2870 Tibulliani

56 2901 153 2962 libelli
176 2902 374 2962 recensionem
398 2903 429 2960 in
452 2902 607 2961 hominum
630 2901 769 2960 manibus
792 2900 894 2970 fuisse,
921 2900 1046 2960 alteram
1063 2920 1098 2959 ex
1121 2920 1181 2976 qua

57 2992 263 3068 fragmentum
278 2991 473 3052 Cuiacianum
489 2992 587 3062 fiuxit,
612 2991 692 3050 omni
707 2991 769 3050 fere
791 2989 1023 3064 interpolatione
1043 3008 1180 3058 vacuam,

59 3082 198 3150 alteram,
222 3080 301 3139 unde
325 3081 421 3140 nostri
444 3081 512 3140 libri
537 3081 664 3156 profecti
686 3083 759 3139 sunt
782 3097 900 3150 omneS,
925 3079 1063 3138 omnibus
1085 3079 1180 3138 modis

58 3170 233 3245 corruptam
268 3172 359 3246 atque
401 3172 608 3240 obscuratam,
642 3191 659 3249 a
690 3169 884 3247 grammatico
918 3168 1047 3244 quodam
1080 3168 1181 3244 pravis

58 3259 235 3319 commentis
258 3259 401 3319 refectam
425 3263 455 3318 et
477 3259 699 3335 interpolatam.

148 3347 230 3409 Huic
252 3349 415 3409 recensioni
449 3369 521 3408 num
554 3349 628 3425 quid
657 3348 733 3407 lucis
764 3348 801 3406 ab
834 3347 979 3421 excerptis
1002 3346 1180 3406 Tibullianis

58 3438 244 3513 offundatur,
267 3457 347 3498 nunc
369 3439 455 3497 nobis
486 3439 544 3497 erit
576 3437 789 3514 quaerendum.
837 3436 881 3496 Ae
905 3436 1036 3512 primum
1059 3436 1181 3512 quidem

59 3547 137 3603 quae
161 3527 325 3587 auctoritas
350 3527 494 3604 excerptis
507 3527 747 3606 Frisingensibus
762 3527 924 3586 tribuenda
940 3526 990 3602 sit,
1014 3525 1179 3588 videamus

150 3757 177 3826 1)
196 3760 324 3829 Exempli
352 3760 446 3829 gratia
472 3759 587 3814 afferam
610 3761 657 3825 IV,
680 3760 702 3824 1,
723 3759 765 3812 60.
784 3760 821 3812 F:
850 3758 948 3828 erigit,
978 3758 1064 3812 ceteri
1092 3759 1180 3811 recto:

59 3831 170 3901 irrigat,
195 3831 243 3896 IV,
265 3831 287 3896 1,
309 3831 359 3884 168
378 3831 413 3885 F:
441 3833 567 3898 alteram,
594 3832 692 3887 ceteri:
721 3831 808 3894 alter;
836 3830 883 3896 IV,
908 3831 928 3894 l,
950 3829 1000 3884 193
1019 3830 1055 3886 F:
1082 3829 1180 3894 ausim,

59 3902 161 3967 ceteri:
181 3903 249 3974 ausi,
269 3902 334 3961 alia,
