2946 5026
627 389 845 448 ..45-

396 566 529 640 bytanus
545 563 694 622 secundus
710 563 764 638 qui
779 562 908 622 Pontani
925 562 1001 621 solat
1024 561 1147 621 inventa
1170 560 1294 636 sequi“;

397 653 486 712 immo
520 672 590 712 vero
623 653 778 712 Pontanus
809 652 892 711 illius
922 651 1063 712 lectiones
1091 650 1220 726 optimas
1249 669 1295 710 se-

397 747 487 802 cutus
511 745 564 801 est.

265 837 294 903 4,
311 837 369 896 36:
394 833 446 892 ille
469 831 495 891 G
522 866 559 875 -
585 831 658 906 ipsc,
683 835 738 890 cet.

265 927 293 994 5,
308 925 368 986 82:
395 925 443 981 eat
467 920 502 980 G'
520 955 553 964 -
584 921 651 992 erit,
676 924 733 980 oet.

264 1016 293 1080 6,
308 1016 368 1074 45:
392 1013 478 1070 necat
501 1008 527 1068 G
557 1045 589 1053 —
617 1012 712 1083 vetat,
736 1013 793 1069 oet.

182 1126 239 1197 ΙΙΙ,
266 1132 295 1201 4,
311 1132 369 1190 64:
394 1145 481 1202 prece
505 1125 531 1185 G
556 1162 595 1171 —
620 1126 688 1200 fide,
713 1128 769 1187 cet.
795 1125 861 1200 (cfr.
886 1124 943 1198 III,
970 1129 999 1191 6,
1025 1125 1079 1197 46)

265 1221 294 1287 6,
332 1221 367 1279 2:
394 1235 479 1293 geras
505 1215 531 1274 G
556 1251 596 1258 -
621 1215 708 1286 ferae,
734 1218 790 1274 cet.

183 1322 237 1396 IV,
265 1328 292 1392 1,
334 1329 366 1384 l:
392 1326 446 1381 tua
470 1323 532 1399 (vel
556 1326 614 1398 me)
640 1321 666 1380 G
692 1356 728 1364 -
755 1341 832 1392 mea,
858 1323 914 1379 cet.

264 1417 293 1484 8,
332 1417 367 1474 8:
394 1410 540 1481 Quoniam
564 1410 655 1468 G-
679 1411 831 1483 QuamviS,
856 1413 911 1471 cet.

172 1570 284 1628 Tamen
308 1571 363 1630 hae
387 1571 527 1629 lectiones
552 1571 690 1647 quamvis
713 1570 897 1647 praeclarae,
922 1571 1048 1630 fortasse
1072 1590 1180 1645 parum
1203 1589 1295 1647 grave

173 1663 387 1736 argumentum
422 1660 517 1719 videri
549 1664 692 1735 possunt,
725 1679 779 1718 cur
807 1660 936 1719 codicem
968 1658 1142 1719 Galterius
1165 1658 1296 1717 familiae

173 1768 236 1808 esse
260 1752 442 1813 statuamus.
482 1748 540 1807 Sed
556 1750 651 1824 quid?
676 1750 700 1808 si
726 1753 864 1825 excerpta
880 1749 981 1825 aliqua
1004 1770 1021 1807 a
1044 1749 1138 1824 stirpe
1159 1749 1295 1808 codicum

173 1841 346 1898 nostrorum
363 1839 480 1897 diversa
496 1858 564 1897 cum
588 1839 640 1898 illo
664 1838 813 1897 affinitate
837 1838 997 1898 coniuncta
1020 1858 1083 1898 esse
1107 1839 1293 1911 evicerimus,

174 1929 353 1988 concedetur
383 1927 532 2003 profect0,
566 1928 640 1986 duas
671 1928 757 1987 nobis
789 1928 819 1985 in
847 1927 962 1986 Tibulli
992 1928 1174 1987 carminibus
1205 1927 1294 1987 resti-

173 2017 295 2076 tuendis
319 2018 454 2076 codicum
477 2017 606 2075 familias
630 2036 692 2076 esse
712 2021 841 2092 praesto,
867 2018 991 2078 alteram
1014 2017 1051 2085 Y,
1077 2018 1202 2077 alteram
1225 2015 1292 2076 libri

174 2105 413 2182 Guelferbytani
452 2106 600 2181 Excerpta
616 2110 718 2165 autem
732 2107 785 2166 illa
810 2110 928 2166 exstant
951 2107 980 2164 in
1005 2107 1151 2184 florilegio
1175 2106 1293 2183 gallico,

174 2196 211 2254 de
235 2214 295 2271 quo
319 2215 410 2270 supra
443 2200 519 2272 (cap.
544 2195 569 2264 I,
595 2200 611 2270 θ
638 2204 655 2260 3
681 2200 711 2255 01
735 2196 767 2277 4)
800 2196 939 2272 pluribus
972 2197 1211 2272 disputavimus,
1243 2195 1294 2253 sed

175 2303 235 2359 quo
252 2285 436 2362 cognationis
453 2286 550 2362 gradu
565 2285 744 2345 recentiores
769 2285 881 2344 codices
905 2287 1021 2345 nostros
1045 2286 1211 2363 contingat,
1235 2303 1294 2344 non

174 2374 329 2449 potuimus
352 2374 528 2449 perspicere.

265 2488 362 2559 Quam
394 2493 458 2548 arte
482 2508 552 2549 vero
577 2511 594 2548 0
617 2491 794 2567 cognatione
826 2493 964 2565 excerpta
987 2490 1123 2548 Parisina
1151 2492 1181 2549 01
1204 2489 1294 2549 codex

176 2578 200 2636 G
224 2579 303 2636 inter
327 2597 358 2637 se
381 2581 566 2648 cohaereant,
591 2579 789 2638 Baehrensius
812 2581 925 2655 proleg.
950 2600 1000 2656 pg.
1013 2579 1085 2636 XIV
1108 2580 1293 2638 demonstra-

175 2667 231 2740 vit,
257 2687 317 2743 quo
340 2669 403 2727 loco
428 2669 539 2726 Italum
564 2669 711 2742 quendam
735 2668 872 2745 florilegii
897 2669 1025 2727 codicem
1046 2671 1170 2727 nactum
1185 2687 1294 2727 novam

175 2757 251 2815 hanc
276 2756 506 2832 Guelferbytani
529 2757 727 2816 recensionem
750 2757 909 2816 instituere
940 2777 999 2816 non
1023 2758 1157 2832 potuisse
1180 2757 1294 2832 primae

176 2846 288 2923 elegiae
319 2846 498 2906 lectionibus
530 2847 628 2906 evicit.
675 2845 791 2915 Quibus
819 2847 990 2922 ponderatis
1021 2847 1076 2906 hoc
1107 2847 1209 2921 posuit
1232 2846 1292 2918 ille,

175 2935 349 3011 ubicunque
385 2938 522 3010 excerpta
559 2935 796 2995 destituerentur
827 2935 1058 3011 Guelferbytani
1093 2935 1292 3007 consensione,

175 3024 420 3099 interpolationes
451 3025 511 3083 iarn
542 3024 736 3099 deprehendi,
770 3025 943 3101 ubicunque
967 3029 1067 3084 autem
1093 3025 1294 3084 consentirent

174 3113 237 3187 illa,
262 3114 512 3188 praeclarissimas
536 3113 597 3173 fere
621 3113 762 3173 lectiones
786 3117 822 3174 ab
847 3115 888 3174 eis
911 3115 1001 3174 tradi.
1041 3113 1122 3174 Haec
1145 3113 1293 3173 sententia

172 3222 248 3260 num
272 3203 362 3262 etiam
386 3209 553 3262 ceterorum
577 3204 743 3263 carminum
766 3203 944 3262 lectionibus
968 3206 1113 3279 probetur
1128 3203 1291 3263 videamus.

172 3291 276 3367 Atque
299 3293 430 3367 primum
455 3292 574 3368 quidem
599 3311 646 3351 eas
669 3291 810 3352 lectiones
826 3293 1052 3369 perlustremus,
1078 3293 1188 3369 quibus
1211 3292 1292 3351 flori-

172 3380 288 3457 legium
317 3382 461 3458 gallicum
494 3382 591 3457 quoad
625 3381 689 3440 eius
722 3382 888 3457 scripturas
920 3401 1076 3461 germanas
1108 3403 1143 3441 ex
1175 3382 1292 3441 duobus

172 3469 258 3528 libris
281 3469 423 3529 Parisinis
455 3470 594 3548 colligere
625 3489 801 3545 possumus,
837 3491 905 3530 cum
935 3472 1034 3532 codice
1057 3470 1292 3546 Guelferbytano

173 3560 330 3618 consentit.
378 3559 456 3618 Sunt
480 3563 583 3619 autem
605 3560 677 3618 hae:

529 3746 565 3806 G.
590 3747 657 3806 Par.
982 3747 1009 3805 Y

411 3862 436 3935 Ι,
462 3868 492 3934 4,
518 3869 577 3928 291
602 3863 738 3938 deperdit
880 3867 912 3923 te
933 3863 1032 3939 perdit

462 3957 490 4026 9,
539 3958 575 4017 9:
600 3953 749 4027 petituras
883 3953 1032 4028 petituros

439 4045 489 4114 10,
514 4046 574 4106 39:
599 4040 696 4111 Quam
883 4041 962 4111 Quin

440 4135 489 4203 10,
515 4136 574 4195 491
598 4130 702 4190 bidens
855 4197 857 4201 ¹
882 4131 981 4191 nitens

324 4237 487 4294 vomerque
509 4220 614 4297 vigent
638 4220 729 4295 (nitet
752 4220 823 4297 Par)
882 4240 984 4281 vomer
1007 4219 1117 4279 viderit
