2946 5026
509 397 727 457 ..31-

56 586 155 644 neque
179 587 216 628 ex
238 568 377 645 pluribus
401 568 621 629 contaminatus
644 569 745 642 libris,
778 589 847 628 nam
876 569 955 628 certe
977 568 1118 629 lectiones
1142 589 1178 630 ex

56 657 135 716 alius
158 657 262 734 stirpis
293 658 392 718 codice
424 659 568 735 ascriptas
593 659 641 734 vel
670 659 907 735 superscriptas,
941 657 1020 717 sicut
1042 658 1074 716 in
1097 676 1177 718 com-

55 746 197 821 pluribus
227 747 378 807 undecimi
409 748 614 808 duodecimive
647 747 759 808 saeculi
782 747 867 808 libris
891 747 1006 807 factum
1030 747 1177 819 videmus

55 854 113 895 non
139 835 295 910 exhibuit3
331 857 443 913 paucae
474 838 553 897 enim
580 837 650 897 illae
673 837 774 897 variae
796 837 957 910 lectiones,
989 855 1064 913 quas
1087 837 1177 912 paulo

54 943 149 1000 supra
173 927 237 1004 (pg.
262 930 314 999 29,
338 927 407 986 adn.
432 929 465 1001 4)
495 927 526 987 in
551 946 585 988 eo
609 927 743 987 extitisse
767 925 882 1002 opinati
905 944 1026 997 sumus,
1059 945 1118 985 non
1142 945 1177 986 ex

56 1015 115 1072 alia
138 1015 275 1074 codicum
297 1015 426 1086 familia,
457 1018 509 1076 sed
537 1036 572 1075 ex
594 1017 708 1075 scribae
731 1018 852 1075 tantum
876 1014 1065 1075 dubitatione
1090 1017 1119 1075 et
1143 1034 1178 1074 ex

55 1103 210 1179 scriptura
232 1123 339 1180 parum
362 1105 442 1165 clare
474 1109 593 1166 exortae
616 1105 767 1165 videntur.
815 1103 899 1174 Quod
925 1106 1027 1164 autem
1050 1104 1082 1162 in
1104 1123 1178 1163 non-

55 1193 209 1252 nullerum
244 1193 402 1272 eligiarum
442 1195 579 1254 versibus
613 1194 718 1270 primis
748 1194 846 1271 prima
876 1194 979 1254 littere
1010 1194 1093 1253 deest
1123 1196 1178 1252 aut

53 1281 131 1341 falsa
154 1284 201 1342 est
223 1282 336 1354 additu,
360 1284 428 1344 iude
451 1284 549 1343 nescio
572 1303 609 1343 an
625 1283 764 1362 colligere
784 1283 942 1359 possimus,
966 1303 1004 1342 ne
1026 1283 1057 1341 in
1079 1282 1178 1341 codice

55 1371 221 1447 archetypo
255 1373 377 1448 quidem
400 1394 418 1433 a
440 1373 598 1433 miniatore
622 1391 723 1432 omnes
746 1373 863 1432 litteras
889 1372 1019 1432 initiales
1043 1372 1178 1449 appictas

54 1461 159 1532 fuisse,
184 1462 227 1520 ita
250 1466 287 1522 ut
309 1463 427 1521 librarii
458 1463 511 1538 qui
534 1463 651 1522 nostros
674 1462 788 1522 codices
811 1462 1034 1532 describebant,
1059 1460 1178 1537 saepius

55 1554 111 1610 aut
126 1549 202 1609 nihil
220 1551 380 1625 adicerent,
404 1553 490 1611 velut
512 1552 543 1610 iu
559 1552 659 1612 codice
683 1551 726 1611 V:
751 1551 792 1622 II,
817 1557 847 1625 4,
876 1557 909 1615 l:
934 1551 976 1625 Ic,
993 1549 1051 1622 III,
1069 1555 1099 1624 6,
1117 1555 1177 1615 33:

54 1638 70 1697 Ι
93 1640 181 1712 mihi,
203 1638 258 1714 IV,
284 1647 313 1712 5,
342 1647 376 1705 1:
408 1640 453 1714 St,
478 1642 655 1701 autminus
678 1643 776 1712 recte,
800 1641 950 1700 sententia
973 1659 1065 1715 preve
1088 1639 1177 1699 intel-

54 1729 150 1802 lecta,
182 1730 330 1790 vocabula
353 1731 542 1807 supplerent,
567 1730 705 1800 velutin
729 1730 828 1790 codice
851 1729 878 1788 A
902 1728 959 1800 ΙΙΙ,
986 1735 1015 1802 5,
1044 1735 1079 1793 1:
1104 1728 1176 1800 Nos,

55 1817 112 1878 ubi
136 1818 164 1875 V
188 1822 312 1894 praebet
338 1823 409 1893 „os“
436 1818 521 1898 (vera
543 1820 632 1879 lectio
657 1822 739 1879 erat:
764 1818 847 1895 Vos).

145 1907 194 1967 Ab
218 1908 274 1968 hoc
296 1909 393 1987 igitur
415 1909 515 1968 codice
537 1908 565 1966 Y
587 1909 734 1969 librorum
757 1909 786 1966 A
810 1911 840 1968 et
863 1908 890 1964 V
914 1908 1078 1984 archetypo
1108 1927 1177 1984 pro·

54 1996 148 2057 ficisci
176 1997 337 2070 debemus,
370 1997 396 2056 si
418 1997 602 2058 Lachmanni
625 1999 772 2058 librorum
795 1998 1008 2058 auctoritatem
1030 1997 1177 2074 pretium·

55 2106 116 2162 que
139 2086 336 2163 inquiremus.
383 2087 569 2147 Accedamus
592 2107 672 2147 nunc
696 2087 734 2146 ed
756 2087 853 2160 illum,
879 2107 968 2164 quem
987 2107 1060 2150 ¹cum
1081 2087 1177 2145 Baeh-

54 2175 201 2234 rensianis
214 2177 362 2236 artissime
378 2177 572 2237 coniunctum
589 2196 650 2236 esse
666 2180 793 2248 constat,
811 2177 940 2236 codicem
956 2177 1126 2236 Parisinum
1141 2176 1176 2234 B.

399 2422 455 2477 ΙΙΙ.
474 2421 516 2477 De
534 2421 631 2478 codlce
649 2421 782 2478 Parlslno
801 2422 835 2478 B.

146 2549 287 2610 Alterum
298 2551 482 2612 Lachmanni
497 2552 627 2612 codicem
651 2572 740 2628 quem
756 2551 972 2613 Eborecensem
996 2551 1177 2611 auctoritate

55 2639 225 2714 adaequare
249 2640 292 2699 ait
315 2640 362 2699 vir
384 2641 436 2700 ille
459 2641 658 2714 doctissimus,
683 2640 895 2701 ParisinumB
919 2641 1051 2701 eiusdem
1075 2640 1177 2716 stirpis

56 2746 119 2789 esse
154 2733 246 2805 atque
276 2729 509 2790 Ambrosianum
541 2730 783 2806 Vaticanumque
821 2731 999 2802 Baehrensi,
1032 2730 1092 2789 iam
1124 2729 1177 2789 illa

54 2817 220 2877 lectionum
243 2820 426 2891 commuuio,
459 2838 534 2895 ques
557 2820 587 2877 in
610 2820 726 2878 familia
748 2820 776 2878 Y
798 2820 955 2880 tractanda
978 2838 1069 2896 supra
1093 2822 1176 2879 attu-

54 2906 188 2983 limus1),
222 2908 378 2968 confirmat
408 2928 585 2985 omnemque
607 2909 829 2969 dubitationem
852 2910 942 2972 tollit.
991 2908 1088 2978 Quum
1111 2912 1177 2968 arte

54 2998 158 3056 autem
188 3015 257 3056 cum
288 2998 439 3058 codicibus
462 2998 521 3057 illis
544 2998 715 3071 cohaereat,
748 2999 860 3075 optime
890 2999 1096 3058 demonstrent
1118 2998 1176 3057 loci

54 3086 82 3145 ei
106 3084 219 3161 quibus
241 3086 363 3146 illorum
386 3088 492 3147 menda
514 3086 679 3165 singularia
702 3106 756 3147 suo
773 3091 868 3148 marte
884 3087 1012 3146 Parisini
1035 3087 1176 3148 librarius

53 3175 176 3234 studuit
198 3175 363 3254 corrigere;
387 3176 515 3252 exempli
539 3195 628 3236 causa
652 3178 773 3237 afferam
797 3178 867 3237 hos:
901 3175 925 3251 I,
951 3181 981 3248 3,
1007 3182 1066 3242 25:
1091 3175 1174 3235 AV:

54 3264 157 3338 deum,
192 3264 235 3322 B:
267 3266 433 3341 deumque,
467 3252 586 3340 0500
609 3268 705 3326 recte:
742 3267 823 3326 dum.
859 3266 907 3339 ΙΙ,
932 3269 969 3336 4,
995 3270 1055 3330 33:
1091 3264 1174 3324 AV:

54 3353 193 3413 custodia
215 3353 339 3425 incerta,
364 3374 418 3430 pro
442 3374 502 3431 quo
526 3355 550 3413 B
573 3356 655 3415 haud
679 3355 722 3414 ite
745 3356 846 3432 inepte
868 3355 1006 3432 praebet:
1041 3356 1176 3415 custodia

53 3461 152 3516 coece,
178 3439 296 3514 G,A¹c
321 3444 350 3502 id
374 3444 455 3520 quod
478 3464 585 3503 verum
609 3448 668 3517 est,
694 3445 850 3505 exhibent:
875 3445 965 3504 victe.
1000 3443 1102 3515 111‚1‚
1121 3449 1174 3508 10:

54 3531 84 3590 A
94 3531 139 3590 V:
160 3530 381 3609 Castaliamque
396 3535 577 3605 umbrosam,
594 3534 619 3591 B
635 3537 672 3593 ut
687 3534 787 3594 versui
803 3536 1005 3608 succurreret:
1023 3532 1173 3592 Oastiliam

53 3623 243 3692 umbrosam,
278 3620 313 3695 G,
327 3618 398 3681 A¹c
420 3625 516 3682 recte:
551 3622 764 3699 Oastiliumque
796 3625 945 3687 umbram,
980 3622 1034 3696 IV,
1063 3629 1090 3694 1,
1116 3628 1174 3687 40:

54 3709 135 3768 AV:
159 3711 208 3770 hic
223 3714 287 3785 aut,
311 3730 365 3787 pro
388 3712 523 3774 codicum
540 3711 575 3784 0,
589 3709 658 3771 A¹O
681 3713 823 3773 lectione:
848 3712 896 3772 hic
912 3708 967 3772 aut
981 3712 1048 3784 hic,
1073 3712 1099 3769 B
1114 3732 1175 3771 una

54 3819 125 3859 cum
148 3799 244 3860 altero
270 3800 355 3874 „hic“
383 3801 473 3860 etiam
496 3801 676 3877 perticulam
703 3805 795 3876 „aut“
822 3802 931 3865 omisit.
956 3800 1010 3875 IV,
1038 3807 1066 3874 l,
1092 3805 1174 3866 200:

147 4025 174 4094 1)
193 4028 229 4082 Et
247 4029 330 4098 plura
348 4027 406 4084 eius
426 4031 554 4108 exempla
573 4031 728 4086 certissima
750 4049 895 4101 possumus
918 4032 948 4085 in
972 4031 1095 4087 medium
1113 4049 1175 4103 pro·

56 4101 142 4164 ferre,
166 4100 290 4182 velutul,
311 4100 352 4166 10,
371 4101 421 4164 49;
447 4101 548 4156 AVB:
573 4103 666 4158 nitens
690 4120 785 4157 vomer
810 4104 926 4186 viderit,
952 4104 1052 4158 ceteri:
1077 4104 1174 4158 bidens

56 4175 344 4307 tfitffflliflginl}
364 4172 795 4316 hiddi?diciplllilltff
821 4178 907 4229 Vm
932 4178 1021 4229 Vl*
1048 4176 1174 4243 ¹¹¹⁰⁰q¹¹⁹'
1207 4187 1209 4192 ’
