2946 5026
770 404 988 463 ,34-

319 575 373 632 est.
412 573 489 631 Nam
513 573 616 649 paucis
639 574 699 633 illis
722 575 794 635 locis
818 577 928 652 quibus
945 597 1013 637 cum
1030 577 1268 656 Guelferbytano
1290 583 1436 661 congruit,

211 698 213 704 ι
317 662 488 723 coniectura
512 663 560 722 vel
583 681 654 722 casu
677 665 785 724 codicis
809 667 999 726 Ambrosiani
1022 669 1111 729 lectio
1131 669 1293 730 immutata
1309 672 1436 746 videtur,

317 751 419 810 velut:
443 752 468 823 Ι,
490 758 516 824 l,
536 758 594 816 78:
619 752 787 829 Despiciam
808 755 894 814 dites.
930 756 955 826 Ι,
974 763 1003 828 5,
1022 763 1081 822 32:
1107 759 1253 819 detrahet.
1287 760 1313 832 1,
1333 767 1361 832 9,
1381 766 1435 826 39:

315 840 435 904 faceres.
469 841 522 914 IV,
549 846 578 911 3,
605 847 665 906 20:
689 844 786 903 tende.
826 844 938 904 Versus
961 846 986 917 l,
1015 852 1072 921 10,
1099 853 1139 913 46
1164 849 1323 909 lectionem
1349 850 1437 928 „iuga

316 930 446 1004 panda“,
479 949 534 1007 pro
566 952 625 1006 qua
656 931 750 1006 ipsius
782 933 895 993 familia
919 935 1038 995 exhibet
1065 937 1156 1014 „iuga
1180 943 1306 1010 ourva“‚
1333 959 1436 1015 quam-

316 1039 408 1094 quam
443 1023 474 1077 et
505 1020 536 1076 in
561 1019 799 1097 Guelferbytano
824 1026 854 1082 et
877 1023 907 1080 in
932 1025 1079 1100 excerptis
1102 1026 1245 1086 Parisinis
1269 1031 1353 1088 extat
1377 1029 1436 1102 illa,

314 1112 414 1256 taprqq
440 1129 475 1168 ex
491 1107 579 1167 Ovidi
597 1129 654 1169 am.
671 1111 724 1170 lib.
742 1111 767 1183 I,
790 1115 838 1182 13,
860 1117 910 1186 16,
935 1133 995 1188 quo
1019 1115 1132 1174 Tibulli
1155 1135 1277 1176 versum
1301 1117 1437 1177 imitatus

315 1216 345 1255 es
413 1217 479 1257 aso:

478 1305 598 1380 ,Prima
621 1324 707 1366 vocas
730 1308 832 1367 tardos
855 1311 911 1369 sub
935 1309 1008 1386 iuga
1031 1311 1130 1386 panda
1153 1314 1276 1385 boves“,

313 1416 452 1476 haustam
476 1435 547 1490 esse,
573 1416 747 1492 quicunque
771 1417 943 1481 Parisinum
966 1417 991 1475 B
1015 1437 1082 1476 cum
1107 1416 1346 1495 Guelferbytano
1371 1438 1438 1479 con-

314 1506 430 1575 tulerit,
455 1506 528 1563 mihi
552 1507 735 1570 concedet¹t

401 1594 466 1653 lam
489 1595 569 1654 hunc
601 1595 731 1655 codicem
762 1595 888 1654 missum
919 1595 1063 1655 faciamus
1091 1598 1122 1654 et
1145 1596 1182 1655 ad
1206 1599 1320 1656 ceteros
1344 1597 1439 1657 Lach-

312 1684 414 1742 manni
437 1684 548 1752 libros,
578 1684 793 1744 Eboracensem
825 1681 861 1742 Αι
885 1687 915 1743 et
946 1685 1082 1745 codicum
1114 1684 1273 1756 Wittiani,
1308 1686 1438 1759 Datiani,

312 1772 483 1833 Askewiani
506 1774 620 1832 fontem
643 1793 830 1833 communem
854 1773 876 1833 (1
896 1775 1108 1855 „examinandos
1131 1778 1330 1834 transeamus.

524 2011 573 2067 1v.
592 2010 633 2064 Dc
652 2009 804 2066 codicibus
822 2008 1067 2064 Lachmanniunls
1086 2009 1118 2064 l¹
1137 2010 1168 2064 ct
1186 2008 1214 2065 0.

401 2139 494 2209 Quam
519 2138 654 2198 celeriter
678 2139 718 2198 cie
742 2137 943 2213 temporibus,
968 2138 1080 2212 quibus
1102 2137 1174 2197 libri
1197 2137 1435 2196 Lachmanniani

312 2228 411 2286 ΑΒΘ
436 2228 549 2287 exarati
579 2230 669 2298 sunt,
701 2227 950 2303 interpolatorum
981 2227 1135 2286 temeritas
1158 2226 1375 2302 corruptioque
1398 2226 1434 2284 lia

310 2319 434 2377 brorum
457 2317 663 2393 processerint,
688 2336 724 2374 ex
747 2316 847 2376 codice
862 2315 1008 2389 Parisino,
1033 2316 1087 2391 qui
1111 2316 1233 2392 quidem
1249 2315 1348 2375 multo
1370 2335 1433 2374 ma-

311 2407 357 2484 gis
380 2407 528 2467 foedatam
553 2408 677 2482 praebet
701 2405 827 2481 speciem
851 2425 943 2481 quam
975 2405 1107 2464 eiusdem
1140 2404 1242 2480 stirpis
1267 2403 1432 2464 Vaticanus

309 2496 412 2572 paucis
437 2495 584 2555 decenniis
608 2498 678 2554 ante
701 2495 840 2571 scriptae,
866 2513 956 2571 supra
980 2494 1054 2553 satis
1077 2493 1289 2553 intelleximus.
1325 2493 1431 2570 Itaque
1469 2522 1471 2533 =

309 2604 395 2643 nemo
419 2585 580 2644 mirabitur
604 2585 731 2643 cundem
753 2584 801 2643 vel
831 2584 920 2642 etiam
945 2584 1087 2642 maiorem
1116 2583 1340 2659 depravationis
1363 2602 1429 2658 pro·

310 2693 445 2751 gressum
477 2675 507 2731 in
541 2673 640 2732 codice
671 2692 792 2748 quoque
816 2672 995 2731 Eboracensi
1019 2672 1208 2749 deprehendi.
1257 2670 1317 2741 Qui
1340 2673 1428 2731 codex

310 2783 493 2839 quamquam
528 2762 710 2821 Lachmanni
726 2761 751 2838 ²)
787 2762 899 2821 iudicio
931 2761 1184 2837 praeclarissimus
1219 2762 1427 2832 recentiorum,

310 2872 367 2911 non
402 2853 490 2911 modo
525 2851 674 2911 Italorum
713 2851 850 2909 versibus
889 2849 1118 2922 commenticiis,
1158 2851 1269 2926 quibus
1308 2851 1427 2910 lacunas

309 2945 427 3018 apertas
451 2941 614 3000 studebant
630 2940 757 3015 explere,
782 2940 960 3015 inquinatus
985 2943 1039 3006 est,
1066 2939 1117 2998 sed
1133 2940 1301 3015 complures
1317 2938 1428 2999 Tibulli

309 3050 412 3090 versus
436 3031 598 3108 genuinos,
630 3030 716 3089 velut
738 3029 764 3100 I,
791 3034 819 3099 2,
846 3034 897 3093 25.
924 3034 975 3094 26.
1011 3027 1065 3098 IV,
1094 3034 1127 3099 1,
1153 3033 1194 3092 40
1218 3029 1307 3104 plane
1331 3027 1429 3088 omisit

307 3139 404 3196 neque
420 3121 517 3178 ullum
533 3119 594 3178 fere
617 3119 717 3178 locum
733 3119 892 3194 paululum
909 3117 1107 3176 difficiliorem
1130 3116 1282 3177 intactum
1297 3117 1428 3194 reliquit.

307 3208 366 3269 Sed
389 3209 445 3268 etsi
468 3209 514 3266 his
538 3208 619 3267 vitiis
642 3208 712 3266 libri
743 3208 908 3266 auctoritas
941 3207 1097 3282 aliquanto
1129 3207 1298 3278 minuitur,
1331 3209 1430 3266 tamen

306 3317 365 3357 non
389 3317 473 3357 omne
497 3297 629 3374 pretium
662 3298 698 3356 ob
723 3317 787 3355 eam
809 3317 872 3355 rem
897 3297 923 3356 ei
947 3300 992 3356 est
1016 3295 1262 3370 abiudicandum,
1288 3296 1428 3371 quoniam

307 3389 395 3447 certis
419 3386 623 3464 argumenta,
662 3406 696 3445 ex
728 3405 788 3462 quo
821 3386 899 3445 libro
922 3385 1045 3445 fluxerit
1068 3384 1112 3463 (id
1136 3385 1216 3459 quod
1239 3384 1271 3443 in
1295 3384 1430 3444 Parisino

306 3477 403 3536 facere
426 3476 526 3557 licuit)
553 3475 687 3534 evincere
711 3475 880 3550 nequimus
928 3473 994 3534 Hoc
1025 3478 1103 3534 certe
1134 3474 1194 3531 iam
1225 3493 1306 3533 nunc
1329 3494 1366 3533 ex
1390 3473 1430 3533 eis

307 3585 381 3641 quas
397 3569 427 3623 in
445 3565 543 3624 codice
559 3564 584 3620 B
600 3564 758 3623 tractando
774 3564 967 3639 protulimus,
985 3562 1180 3622 Eboracensis
1198 3559 1232 3620 A¹
1250 3563 1429 3622 lectionibus

307 3674 450 3730 apparere
484 3653 558 3711 mihi
593 3653 731 3724 videtur,
762 3653 845 3710 aliud
878 3652 1065 3730 cognationis
1098 3672 1192 3729 genus
1216 3651 1308 3726 idque
1331 3653 1430 3710 multo

396 3880 422 3948 1)
442 3881 578 3936 Similiter
604 3883 634 3936 in
658 3883 739 3952 Prop.
764 3881 953 3946 v.11‚21,6
980 3881 1052 3934 mira
1071 3880 1126 3934 'illa
1152 3880 1274 3934 varietas
1300 3879 1431 3934 lectionis

306 3954 432 4007 codicum
450 3954 660 4009 Davcntriensis
680 3957 709 4008 et
718 3953 851 4007 Vaticani
873 3952 1001 4018 ,credula
1020 3952 1103 4006 turba
1122 3951 1210 4005 iacea“
1231 3968 1282 4020 pro
1300 3951 1431 4016 ,credula

306 4024 702 4151 {Zffiqssaffietffibuuiani
721 4024 811 4079 libelli
834 4043 860 4078 v.
880 4024 972 4090 1V,4,
993 4022 1041 4077 18:
1071 4023 1199 4088 ,credula
1223 4023 1308 4077 turba
1333 4020 1427 4077 sedet*

394 4193 422 4259 2)
441 4193 540 4247 Paullo
559 4193 645 4248 etiam
664 4193 727 4263 plus
747 4210 831 4261 quam
850 4193 1044 4247 Lachmannus
1063 4190 1128 4244 huic
1148 4189 1236 4245 codici
1255 4189 1359 4245 tribuit
1375 4189 1428 4244 Lu·
1469 4160 1471 4167 Ι

305 4265 401 4319 cianus
421 4264 545 4331 Mueller,
566 4265 607 4319 ed.
628 4265 714 4334 praef.
734 4283 781 4334 pg.
801 4265 834 4318 X.
