2946 5026
625 405 664 414 -⁴.
713 375 754 435 28
805 406 842 415 ..

174 547 231 607 Sed
254 549 381 609 fortasse
407 549 520 623 „hanc“
547 551 616 625 post
641 548 803 625 ,posthac“
831 551 875 608 est
898 549 1110 625 supplendum.
1135 548 1189 618 IV,
1208 555 1238 623 7,
1257 555 1293 613 8:

173 636 279 696 AVB
303 638 353 698 de:
377 638 408 697 id
432 638 529 712 venio,
553 638 661 698 ceteri:
685 638 717 697 id
739 656 833 699 nemo.

263 726 331 786 Sed
352 747 387 787 ex
421 727 467 786 his
497 727 661 788 lectionum
693 727 892 787 varietatibus
923 727 998 784 nihil
1028 728 1085 787 nisi
1114 728 1170 787 hoc
1194 730 1295 803 potest

174 816 285 893 colligi,
309 819 475 893 utrumque
498 817 589 876 unius
613 817 806 892 eiusdemque
829 816 932 891 stirpis
957 835 1018 876 esse
1041 816 1234 895 progeniem
1259 818 1294 878 de

173 905 331 964 affinitatis
355 907 453 983 gradu
475 906 543 966 hinc
567 905 642 965 nihil
665 907 739 966 certi
762 925 859 965 eruas.
907 904 1013 965 Potuit
1044 907 1122 966 enim
1154 926 1236 966 unus
1261 927 1295 966 ex

174 994 268 1053 altero
291 995 355 1071 ipse
378 1014 440 1055 esse
462 998 629 1074 prognatus
651 995 696 1054 ita
718 998 755 1054 ut
774 995 836 1055 solo
851 997 975 1071 parente
991 996 1028 1055 ad
1044 996 1181 1055 criticam
1197 1000 1294 1056 artem

173 1084 369 1143 factitandam
392 1084 476 1144 nobis
500 1103 575 1162 opus
600 1087 684 1156 esset,
710 1085 840 1144 alterum
863 1084 977 1160 optimo
1000 1085 1067 1144 iure
1096 1086 1293 1146 abiceremus.

172 1172 258 1233 Hanc
282 1174 486 1249 quaestionem
509 1175 607 1252 igitur
630 1173 904 1245 diiudicaverimuS,
929 1174 954 1233 si
977 1177 1032 1233 aut
1053 1193 1152 1235 omnes
1169 1175 1295 1234 alterius

173 1261 314 1322 lectiones
337 1263 469 1323 diversas
492 1263 608 1323 librarii
632 1264 767 1324 socordia
798 1263 846 1322 vel
876 1263 1107 1339 interpolatione
1137 1264 1295 1339 irrepsisse

173 1354 227 1410 aut
249 1352 324 1423 tales
346 1351 425 1412 inter
447 1356 614 1429 utrumque
629 1352 741 1411 librum
757 1354 859 1412 extare
874 1352 1086 1429 discrepantias
1103 1353 1294 1424 evicerimus,

174 1441 277 1517 quales
308 1441 388 1500 inter
419 1444 535 1518 patrem
559 1444 589 1502 et
612 1441 726 1513 filium,
754 1444 791 1500 ut
814 1441 858 1500 ita
880 1441 997 1517 dicam,
1029 1442 1213 1503 intercedere
1237 1461 1295 1501 non

174 1534 219 1590 est
242 1529 306 1589 veri
329 1530 434 1591 simile.

262 1617 341 1678 Sunt
356 1639 426 1680 vero
449 1621 597 1696 plurimae
613 1620 830 1682 vocabulorum
853 1619 1026 1680 varietates
1039 1640 1089 1679 eae
1113 1641 1190 1697 quae
1215 1641 1295 1679 mera

172 1707 366 1768 librariorum
400 1710 590 1788 neglegentia
626 1714 655 1769 et
687 1709 820 1780 inscitia,
856 1710 944 1785 lapsu
976 1709 1082 1769 calami
1117 1711 1166 1770 vel
1203 1711 1294 1770 etiam

172 1797 340 1874 scripturae
371 1799 551 1876 compendiis
582 1799 681 1859 minus
712 1801 793 1859 recte
824 1799 985 1859 intellectis
1017 1801 1101 1858 ortae
1124 1818 1187 1859 esse
1211 1800 1293 1860 vide-

174 1889 274 1960 antur,
299 1887 384 1946 velut
407 1887 432 1960 Ι,
460 1895 489 1960 5,
516 1894 574 1953 5οι
599 1887 640 1946 V:
665 1887 807 1957 tristitia,
832 1908 885 1964 per
908 1888 1139 1965 geminationem
1163 1908 1198 1947 ex
1223 1907 1294 1948 voce

175 1975 313 2051 ,tristia“
333 1995 425 2051 quam
448 1979 476 2036 A
499 1978 629 2048 exhibet,
653 1977 678 2051 Ι,
704 1983 734 2048 3,
759 1981 818 2042 38:
843 1977 887 2035 A:
912 1974 1001 2048 veiis,
1026 1977 1070 2036 V:
1094 1977 1216 2053 veteris,
1241 1997 1294 2054 pro

173 2084 234 2141 qua
267 2065 394 2126 lectione
429 2066 520 2127 ceteri
553 2068 629 2127 recti
660 2068 806 2143 praebent
840 2067 989 2141 „sentiet
1043 2067 1188 2127 Attamen
1225 2067 1293 2127 talis

173 2154 370 2215 Ambrosiano
387 2176 456 2216 cum
473 2155 616 2216 Vaticano
638 2156 798 2215 intercedit
820 2156 908 2227 ratio,
933 2160 969 2215 ut
992 2175 1050 2215 non
1074 2176 1189 2232 semper
1212 2157 1291 2216 idem

172 2263 274 2303 veram
305 2246 335 2302 et
366 2265 538 2323 germanam
562 2245 669 2305 codicis
693 2244 848 2321 archetypi
871 2245 1030 2305 lectionem
1053 2248 1213 2321 praebeat,
1243 2247 1293 2306 sed

171 2332 259 2392 modo
275 2333 322 2392 hic
337 2335 431 2399 modo¹
441 2335 491 2394 ille
507 2334 581 2411 quid
595 2335 626 2392 in
642 2335 803 2410 archetypo
820 2335 964 2406 extiterit,
989 2335 1137 2395 ostendat.
1185 2335 1294 2411 Itaque

172 2440 241 2481 cum
266 2442 301 2481 ex
322 2424 413 2483 tertio
438 2423 539 2500 aliquo
557 2424 689 2484 eiusdem
704 2423 837 2483 familiae
855 2424 954 2484 codice
970 2423 1109 2484 Vaticani
1133 2425 1293 2484 librarium

173 2511 337 2587 scripturas
360 2530 430 2572 suas
453 2513 686 2588 praestantiores
710 2513 918 2588 assumpsisse,
942 2532 1000 2572 non
1023 2514 1187 2573 habeamus
1212 2515 1293 2590 quod

172 2601 375 2676 suspicemur,
408 2602 538 2662 codicem
566 2602 593 2659 V
626 2622 661 2661 ex
695 2602 894 2662 Ambrosiano
924 2603 1108 2679 descriptum
1141 2621 1203 2662 esse
1233 2622 1292 2662 non

171 2707 257 2765 posse
273 2695 406 2767 apparet.
445 2691 499 2750 Est
522 2692 618 2769 igitur
635 2695 665 2751 et
687 2692 778 2752 codex
800 2691 829 2748 A
852 2695 883 2751 et
906 2693 998 2752 codex
1021 2693 1048 2749 V
1071 2692 1161 2752 unius
1185 2693 1291 2768 patris,

172 2781 209 2836 ut
231 2779 276 2838 ita
299 2780 413 2854 dicam,
446 2780 545 2852 filius,
578 2801 675 2856 neque
706 2781 767 2840 alia
790 2780 922 2840 affinitas
946 2781 1024 2840 inter
1048 2800 1096 2841 eos
1120 2781 1291 2854 intercedit,

167 2867 229 2926 nisi
253 2887 286 2927 ea
310 2889 388 2944 quae
410 2870 489 2929 inter
512 2870 643 2929 diversos
666 2870 756 2928 unius
778 2870 880 2946 stirpis
904 2871 1044 2930 ramulos.

261 2957 346 3027 Quod
369 2961 406 3017 ut
430 2959 571 3035 exemplis
593 2959 666 3018 satis
689 2959 878 3031 illustretur,
903 2960 1023 3019 afferam
1045 2959 1190 3020 maximas
1212 2961 1293 3020 inter

171 3046 263 3105 libros
286 3047 315 3104 A
338 3050 369 3107 et
392 3047 419 3104 V
442 3048 656 3124 discrepantias
678 3048 780 3108 itaut
803 3067 852 3108 eas
875 3048 1016 3109 lectiones
1039 3068 1114 3126 quas
1138 3050 1170 3107 in
1193 3050 1294 3110 codice

171 3135 332 3212 utriusque
348 3137 511 3214 archetypo
528 3137 661 3197 extitisse
677 3137 801 3211 arbiter,
813 3137 912 3213 priore
927 3139 991 3198 loco
1007 3158 1132 3215 ponam:
1146 3138 1172 3210 Ι,
1189 3145 1215 3209 l,
1233 3145 1292 3204 19:

172 3223 291 3284 VGO:
316 3224 611 3286 felicis—ARN:
636 3226 745 3297 felices,
762 3227 838 3286 miro
854 3246 963 3289 errore.
980 3227 1005 3299 Ι,
1023 3233 1123 3299 1‚24:
1143 3227 1292 3288 AGBG:

172 3315 289 3385 clamet,
313 3313 405 3374 VA¹:
430 3316 549 3375 clamat.
596 3315 621 3382 Ι,
647 3321 677 3386 2,
704 3321 763 3380 99:
788 3315 869 3376 Vs:
895 3317 997 3377 debita
1026 3351 1060 3361 —
1088 3317 1116 3375 A
1139 3316 1292 3377 Lachm.

172 3403 273 3463 dedita
308 3404 394 3479 (item
423 3404 465 3476 ΙΙ,
492 3410 520 3478 5,
548 3410 585 3469 ll
612 3404 736 3476 AVG,
768 3404 828 3464 Bc
861 3406 1020 3466 exhibent:
1059 3406 1135 3481 „tibi
1169 3407 1294 3467 debitus

173 3496 303 3570 augur“,
336 3495 417 3569 quod
439 3493 470 3552 in
494 3493 556 3553 solo
579 3491 614 3552 Α1
637 3494 668 3553 in
695 3494 853 3569 „deditus“
886 3495 963 3555 illud
992 3495 1112 3555 facilius
1135 3495 1294 3557 intellectu

172 3585 339 3641 correctum
368 3585 436 3659 est.)
481 3582 507 3657 Ι,
533 3589 563 3655 3,
589 3587 647 3648 63:
684 3582 767 3642 AG:
792 3584 847 3655 Ac,
872 3584 929 3644 Bc:
955 3581 1125 3656 Hac,VA¹
1147 3585 1201 3645 de:
1238 3586 1293 3658 At,

172 3691 264 3747 quam
287 3671 444 3731 lectionem
467 3675 592 3749 apparet
616 3691 677 3732 esse
701 3676 884 3749 corruptam,
909 3675 1050 3749 quoniam
1073 3674 1177 3734 statim
1200 3694 1230 3733 v.
1250 3680 1291 3740 67

172 3760 321 3837 particula
347 3761 428 3835 „Ar‘
446 3762 593 3838 sequitur,
619 3762 801 3838 epanalepsis
818 3765 920 3821 autem
935 3763 1069 3823 hocloco
1085 3764 1158 3823 ferri
1173 3765 1292 3839 nequit.

171 3849 196 3923 I,
222 3854 252 3919 4,
278 3854 338 3914 56:
363 3849 435 3922 VG,
460 3850 606 3915 Lachm.
631 3852 722 3923 volet,
746 3851 790 3910 A:
814 3851 897 3911 velit.
937 3852 962 3924 1,
976 3858 1006 3924 4,
1025 3857 1083 3917 Sl:
1108 3851 1185 3924 VG,
1202 3850 1292 3914 A102

172 3938 241 3997 Heu
264 3938 334 4011 heu,
359 3938 440 4000 AB:
465 3938 582 3999 Heheu.
628 3939 654 4012 Ι,
680 3945 709 4014 6,
735 3945 792 4005 38:
816 3940 893 4012 AG,
918 3938 1180 4016 A¹Ot>detrecto,
1204 3942 1293 4002 VB:

172 4028 317 4100 detracto,
341 4047 422 4088 mero
447 4048 554 4089 errore.
600 4027 625 4100 I,
652 4036 681 4103 7,
707 4035 765 4093 57:
791 4028 867 4101 VG,
891 4028 966 4092 A¹cz
1000 4030 1072 4105 Nec,
1096 4031 1207 4091 ABd:
1233 4031 1290 4092 Ne.

172 4117 197 4191 I,
222 4122 252 4190 8,
278 4123 338 4182 41:
363 4117 391 4175 A
404 4116 446 4176 G:
470 4118 619 4189 iuventas,
644 4118 672 4175 V
684 4115 774 4178 A¹Bz
798 4119 933 4192 iuventa,
958 4119 998 4179 O:
1014 4120 1167 4180 iuventus
1183 4118 1218 4192 Ἰ,
1239 4127 1290 4193 10,

173 4212 233 4279 41;
259 4207 339 4271 Ade
362 4206 453 4272 Par:
480 4211 520 4283 at,
545 4204 658 4270 A¹cV:
683 4211 729 4281 ut,
754 4207 796 4267 G:
814 4212 877 4282 aut,
902 4209 943 4273 B:
961 4229 1003 4271 ac.
1028 4209 1069 4272 ΙΙ.
1088 4215 1117 4284 3,
1136 4215 1195 4278 8οῑ
1213 4209 1288 4286 VG,
