2946 5026
540 1156 689 1222 οΑΡ11Τ
711 1156 929 1222 Teanum.

220 1301 243 1356 l.
263 1300 306 1353 lle
326 1298 436 1354 oodlols
456 1296 679 1366 Guelferbytanl
698 1294 722 1352 e
741 1297 771 1352 ot
788 1296 926 1364 llorllegll
944 1296 1047 1364 galllol
1066 1296 1246 1364 oognatlone.

264 1426 388 1486 Carolus
418 1426 629 1486 Lachmannus
667 1426 697 1484 in
729 1425 868 1486 editionis
903 1444 975 1485 suaa
1009 1425 1121 1503 proleg.
1160 1445 1210 1503 pg.
1235 1425 1295 1483 VII

171 1518 364 1586 disseruerat,
389 1535 483 1574 unum
500 1514 692 1574 Franzisoum
707 1514 853 1574 Puooium
861 1515 895 1594 ¹),
921 1515 974 1591 qui
998 1535 1025 1574 a.
1045 1519 1129 1578 1502
1146 1515 1296 1590 exemplar

172 1605 311 1667 editionis
328 1604 484 1683 Regiensis
501 1604 681 1674 emendavit,
703 1604 780 1664 libro
796 1624 887 1679 quam
903 1603 995 1664 ceteri
1011 1605 1108 1664 essent
1125 1603 1295 1679 antiquiore

172 1714 263 1755 usum
287 1694 392 1767 videri,
416 1694 522 1769 itaque
538 1693 758 1753 emendationes
780 1693 885 1753 Puooii
908 1693 1038 1769 potiores
1062 1696 1249 1768 excerpserat
1265 1695 1295 1753 et

172 1787 327 1860 excerptas
349 1783 461 1842 notaP
484 1784 514 1841 in
539 1787 717 1858 apparatum
741 1781 880 1843 oritioum
902 1785 1064 1857 receperat.
1104 1781 1185 1841 Huio
1199 1781 1295 1842 Lash-

171 1873 273 1932 manni
303 1872 469 1932 sententiae
500 1871 651 1932 Luoianus
680 1871 809 1931 Mueller
841 1872 981 1931 inmerito
1016 1892 1067 1950 pg.
1091 1870 1135 1929 XI
1158 1871 1296 1931 editionis

171 1982 245 2022 suae
268 1981 436 2039 repugnare
467 1966 591 2022 conatus
623 1963 686 2032 est,
715 1980 785 2021 oum
812 1961 960 2037 quidquid
989 1961 1152 2021 leotionum
1182 1980 1217 2020 ex
1240 1979 1295 2020 suo

171 2051 272 2112 codiee
296 2052 415 2110 afferret
439 2050 578 2120 Parcius,
602 2050 633 2108 id
656 2053 711 2110 aut
732 2049 952 2126 interpolatum
974 2052 1011 2110 ab
1028 2050 1105 2110 Italo
1120 2049 1218 2109 neseio
1234 2069 1295 2126 quo

171 2140 284 2201 saeouli
308 2139 363 2197 XV
395 2143 450 2199 aut
480 2142 636 2216 sumptum
666 2139 703 2197 de
726 2139 872 2214 excerptis
899 2139 1013 2199 talibus
1044 2139 1147 2215 qualia
1169 2138 1296 2199 fuerunt

172 2229 325 2290 Vinoentii
361 2231 391 2288 et
426 2228 569 2306 Scaligeri
603 2229 804 2292 contenderet,
863 2228 906 2286 At
943 2233 1023 2289 uerte
1060 2228 1148 2287 illum
1182 2228 1297 2288 librum

172 2320 358 2380 Puooianum
370 2319 514 2396 indagare
526 2317 654 2396 contigit
669 2317 860 2388 Baehrensio‚
878 2316 1152 2394 Guelferbytanum
1167 2317 1296 2377 oodioem

173 2429 263 2485 quem
291 2409 351 2466 iam
374 2407 512 2483 Heynius
543 2426 728 2484 quamquam
755 2407 852 2482 pretio
884 2406 948 2466 eius
980 2407 1101 2467 minime
1129 2409 1295 2483 perspecto,

172 2499 205 2556 in
228 2498 364 2558 oodieum
388 2496 575 2557 enarratione
598 2496 729 2556 alterum
758 2496 966 2555 nominaverat
989 2497 1209 2572 nonnullasque
1232 2496 1297 2556 eius

173 2588 316 2647 lectiones
348 2588 379 2645 in
419 2586 664 2646 adnotationibus
698 2585 836 2645 editionis
871 2604 942 2645 suae
977 2589 1103 2662 quartae
1138 2586 1294 2645 attulerat.

175 2675 336 2736 Contendit
350 2676 446 2754 igitur
462 2675 662 2736 Baehrensius
678 2674 808 2735 oodioem
825 2673 884 2733 Ga
907 2674 1016 2734 Puooio
1040 2693 1103 2735 esse
1126 2674 1297 2735 adhibitum

175 2785 209 2825 eo
232 2769 366 2841 tempore
398 2784 458 2841 quo
489 2766 541 2824 ille
567 2765 629 2824 iam
656 2764 781 2824 alterius
804 2782 911 2822 manus
935 2767 1120 2824 correcturas
1149 2766 1180 2824 et
1202 2764 1296 2823 inter-

174 2855 350 2930 polationes,
388 2855 514 2914 fortasse
549 2858 585 2913 ut
620 2873 656 2912 ex
689 2853 880 2912 adnotatione
911 2853 1072 2932 marginali
1105 2853 1142 2912 ad
1176 2871 1297 2915 versum

175 2943 200 3017 Ι,
227 2951 256 3017 1,
284 2950 323 3008 18
348 2947 378 3003 et
403 2950 437 3016 8,
470 2950 508 3008 51
544 2942 674 3018 „Pont“.
704 2942 875 3018 subscripta
908 2943 1002 3003 oonioi
1031 2945 1145 3018 potest,
1180 2941 1296 3002 Ioviani

175 3033 305 3092 Pontaui
328 3034 432 3108 ipsius,
458 3036 522 3093 erat
546 3037 697 3109 expertus.
734 3031 817 3102 Quae
831 3049 879 3091 ras
896 3033 946 3092 val
961 3032 1112 3092 levissima
1135 3032 1298 3094 lectionum

176 3123 396 3198 comparatione
427 3122 593 3193 eviuoitur;
622 3122 690 3181 vide
712 3122 816 3180 modo:
850 3120 875 3193 I,
905 3128 931 3193 l,
958 3127 994 3186 5:
1019 3121 1084 3180 vita
1106 3120 1177 3180 ΡΘ.
1206 3127 1232 3189 1,
1259 3125 1296 3184 6:

177 3212 284 3289 exiguo
309 3212 401 3288 Pg.²)
426 3217 455 3285 2,
481 3217 541 3276 87:
565 3229 724 3287 prorepere
746 3209 820 3272 PG.
846 3216 875 3284 5,
894 3215 929 3274 6:
955 3230 1007 3286 per
1030 3214 1062 3270 te
1083 3210 1156 3270 ΡΘ.
1182 3215 1211 3284 5,
1237 3215 1296 3274 33:

178 3302 339 3376 „assecula
356 3301 400 3360 ita
416 3301 490 3379 legit
510 3301 675 3370 Pantanus,
692 3301 712 3359 i.
729 3299 857 3359 aneilla“
877 3300 911 3370 P,
939 3301 1100 3374 „assecula
1118 3300 1138 3358 i.
1167 3299 1293 3359 aneilla“

176 3411 205 3468 g.
232 3396 262 3461 6,
288 3396 346 3454 1οε
379 3390 493 3449 Possim
516 3388 588 3450 ΡΘ.
613 3394 642 3463 6,
670 3394 729 3453 72:
754 3407 863 3464 pronas
886 3388 948 3467 Pg.
984 3388 1202 3448 Gravissimum
1226 3407 1297 3449 vero

176 3480 268 3538 huius
284 3479 447 3539 sententiae
464 3481 678 3555 argumentum
700 3478 775 3536 mihi
799 3478 941 3537 videntur
964 3478 1067 3538 Puooii
1090 3478 1297 3538 adnotationes

177 3570 215 3628 ad
237 3568 263 3639 I,
293 3573 348 3632 10:
384 3567 476 3645 „Quis
499 3566 570 3626 fuit.
596 3568 650 3627 hoo
675 3569 720 3627 est
750 3566 930 3643 principium
954 3568 1077 3628 secundi
1100 3567 1171 3627 libri
1194 3567 1225 3626 in
1248 3587 1297 3627 oo·

176 3658 293 3717 dioibus
316 3657 545 3728 vetustioribus,
569 3659 600 3716 et
624 3659 668 3717 est
691 3657 728 3716 de
748 3675 848 3716 amore
863 3655 1008 3716 Nemesis.
1047 3656 1153 3734 Elegia
1168 3657 1296 3733 prima“‚

177 3750 207 3806 et
237 3746 269 3804 in
301 3745 359 3805 fine
389 3745 459 3805 libri
487 3746 585 3807 tertii:
624 3746 685 3821 „hii
716 3762 821 3806 versus
850 3764 908 3804 non
933 3746 1079 3824 leguntur
1101 3746 1157 3806 hoo
1180 3747 1244 3806 loeo
1267 3747 1298 3804 in

268 3975 294 4043 1)
313 3977 387 4030 Nam
413 3976 447 4030 de
466 3976 574 4031 Joanne
599 3976 717 4031 Joviano
742 3976 885 4040 Pontano,
911 3993 996 4044 quam
1015 3975 1173 4030 Husohkiua
1192 3996 1239 4047 pg.
1258 3976 1298 4030 XI

177 4049 264 4120 praef.
284 4048 415 4103 editionis
434 4064 500 4102 suae
519 4048 642 4103 oodioem
660 4047 772 4102 finxisse
791 4047 982 4112 contenderat,
999 4047 1072 4101 nihil
1083 4048 1152 4102 certi
1171 4052 1297 4103 constare

178 4121 219 4175 ait
237 4120 281 4175 vir
299 4119 483 4174 doctissimus.

267 4218 294 4287 2)
314 4218 373 4275 Hae
391 4221 459 4274 nota
478 4218 596 4273 alteram
615 4217 717 4272 oodiois
737 4216 761 4271 Θ
779 4234 894 4272 manum
911 4216 1083 4292 significabo.
