2946 5026
513 393 731 459 -13..

58 568 196 629 Primum
220 569 252 628 in
275 589 366 630 versu
389 570 414 642 Ι,
440 576 470 643 3,
496 575 537 636 86
562 591 633 632 vera
656 573 797 632 vocabuli
823 573 921 632 forma
948 574 1068 647 „colu“,
1094 594 1184 650 quarn

57 659 263 744 Erisingensia
286 663 455 734 servarunt,
481 660 539 720 erit
561 662 764 735 restituenda,
798 665 907 738 probet
931 663 1009 721 enim
1033 664 1109 722 hanc
1133 683 1183 723 ex·

57 753 232 824 cerptorum
255 750 436 825 scripturam
466 750 556 808 etiam
585 770 689 810 versus
712 751 753 822 II,
782 757 809 825 l,
836 757 888 824 63,
918 752 949 809 in
973 771 1032 827 quo
1059 753 1180 827 „colus“

56 838 137 897 illud
159 839 319 914 pluraliter
341 839 463 898 videtur
487 840 700 915 accipiendum.

149 928 263 988 Deinde
286 929 317 986 in
340 947 431 988 versu
453 928 495 999 ΙΙ,
521 934 550 1003 3,
578 935 618 993 10
632 930 831 1005 'scripturam
861 931 1002 1005 pussulae
1030 949 1084 1006 pro
1112 931 1183 990 reli-

58 1035 193 1093 quorum
224 1015 360 1078 codiouni
390 1018 518 1078 lectione
553 1020 715 1095 „pustula“
742 1019 907 1078 Muellerus
931 1021 961 1079 et
984 1019 1184 1080 Baehrensius

56 1109 142 1166 recte
166 1110 355 1183 receperunt,
379 1127 441 1167 uno
459 1107 698 1186 Frisingensium
722 1108 894 1168 testimonio
917 1109 991 1168 nisi:
1016 1129 1084 1168 nam
1108 1129 1185 1186 quae

55 1196 236 1256 Protzenius
260 1217 309 1274 pg.
337 1202 374 1260 17
400 1197 495 1257 libelli
518 1198 565 1256 sui
596 1199 683 1258 affert
714 1198 848 1273 exempla
870 1198 946 1256 nihil
970 1198 1104 1258 efficiunt
1126 1199 1184 1258 nisi

56 1286 128 1344 illas
152 1286 274 1362 quidem
298 1287 461 1361 scripturas
485 1291 658 1362 quaesunt
690 1288 814 1363 pustula
837 1289 867 1346 et
890 1277 1021 1363 pusulla,
1057 1288 1184 1347 inveniri
1272 1310 1275 1314 ·

56 1375 238 1451 promiscue,
264 1376 315 1434 sed
342 1376 502 1452 ,pussula“
530 1395 680 1452 nusquam
704 1396 766 1436 esse
790 1377 936 1453 seriptum
958 1378 1016 1435 nisi
1038 1377 1070 1436 in
1086 1378 1185 1436 codice

58 1464 264 1542 Frisingensi3
298 1485 372 1523 num
402 1465 434 1522 in
465 1484 587 1541 corpore
616 1466 704 1526 insor.
734 1467 787 1525 lat.
821 1467 986 1542 quidquam
1015 1468 1051 1526 de
1075 1467 1130 1526 hac
1153 1487 1185 1526 re

57 1554 156 1628 possit
189 1554 311 1629 reperiri
348 1555 465 1631 dubito,
497 1575 593 1631 neque
623 1555 799 1619 Protzenius
831 1556 951 1631 quidem
983 1556 1014 1615 id
1045 1557 1183 1632 inspexit.

58 1642 119 1702 Sed
151 1645 308 1718 uteunque
345 1663 392 1702 res
428 1663 458 1703 se
488 1645 597 1718 babet,
631 1648 837 1721 excerptorum
870 1645 1049 1721 scripturam
1083 1666 1185 1705 veram

58 1751 295 1808 germanamque
320 1733 467 1804 existimo,
491 1737 598 1808 utpote
623 1753 658 1792 ex
681 1734 875 1812 integerrimo
899 1734 983 1794 fonte
1006 1735 1182 1794 derivatam.

150 1821 195 1879 De
218 1822 345 1881 lectione
371 1821 560 1897 ,6110111111α
588 1842 678 1898 quam
702 1824 733 1881 in
757 1842 847 1882 versu
870 1822 895 1895 Ι,
922 1830 951 1897 7,
983 1830 1016 1888 11
1044 1825 1184 1884 exhibent

60 1914 210 1985 excerpta,
244 1911 343 1970 nescio
372 1913 446 1986 quid
478 1912 615 1970 sentiam.
667 1912 746 1971 Nam
776 1913 844 1972 inde
876 1933 892 1970 a
923 1915 1032 1989 quarto
1065 1914 1183 1973 saeculo

60 2020 127 2059 eam
152 2001 180 2057 in
208 1998 305 2059 Gallia
337 2001 430 2060 fuisse
460 2001 607 2060 usitatam
629 2001 804 2061 Protzenius
832 2021 882 2078 pg.
911 2007 950 2065 14
974 2021 1037 2078 sqq.
1062 2004 1184 2062 demon-

58 2089 186 2160 stravit3
221 2090 270 2148 sed
302 2090 334 2147 in
356 2091 560 2150 vetustissimo
593 2110 714 2167 quoque
747 2091 920 2167 optimoque
952 2091 1028 2151 libro
1057 2093 1184 2150 aliorum

58 2179 252 2253 scriptorum,
277 2179 362 2238 velut
382 2178 524 2253 Caesaris,
550 2180 694 2255 Pomponi
711 2180 815 2251 Melae,
840 2180 929 2254 Plini,
960 2182 1077 2240 Ausoui
1101 2183 1185 2241 extat

59 2268 212 2342 scriptura
238 2267 432 2342 „Garunne“,
465 2289 542 2344 quae
576 2270 665 2329 etiam
694 2269 874 2329 Graecorum
906 2270 1096 2343 testimoniis,
1130 2271 1184 2345 qui

63 2357 93 2416 Γ
90 2345 237 2437 operires,
260 2347 433 2438 saporivae,
451 2359 482 2416 Γ
479 2349 596 2438 αρύννα
613 2359 762 2429 exhibent,
786 2359 872 2418 nobis
888 2361 1044 2434 probatur.
1080 2359 1183 2418 Nihilo

62 2447 158 2506 setius
190 2446 262 2505 dum
292 2448 420 2506 certiora
451 2448 614 2507 afferentur
644 2451 837 2526 argumenta,
869 2448 954 2507 illam
984 2448 1015 2506 in
1039 2449 1184 2508 editiones

61 2535 274 2610 recipiendam,
306 2537 441 2595 codicum
465 2540 566 2597 autem
589 2538 777 2614 integrorum
806 2537 961 2596 lectionem
989 2536 1181 2611 „Garumna“

63 2628 145 2684 certe
167 2625 346 2684 reiciendum
370 2646 438 2686 cum
461 2627 606 2686 Muellero
631 2629 660 2685 et
683 2627 863 2685 Baehrensio
886 2644 999 2686 consec.

154 2712 340 2789 Scripturam
375 2715 554 2789 „Carnutis“
588 2716 619 2772 in
651 2735 742 2775 versu
769 2715 794 2788 I,
820 2722 849 2786 7,
878 2722 916 2781 12
949 2718 1098 2775 extantem
1130 2735 1184 2776 cur

63 2803 122 2862 riri
146 2804 226 2862 docti
251 2804 287 2863 ad
310 2824 407 2862 unum
430 2824 530 2864 omnes
555 2805 705 2880 aspernati
729 2805 798 2878 sint,
822 2824 881 2863 non
905 2804 1061 2881 perspicio.
1109 2805 1184 2863 Cum

63 2893 143 2950 enim
166 2893 198 2950 in
222 2893 355 2952 Caesaris
378 2893 487 2953 libellis
520 2913 636 2969 semper
660 2894 804 2953 Carnutes
836 2895 896 2952 sint
925 2894 1067 2971 appellati
1092 2898 1184 2970 utque

63 2982 156 3040 etiam
180 2982 211 3040 in
234 2982 314 3042 Livii
336 2983 412 3042 libro
436 2983 473 3056 V,
499 2989 541 3047 34
566 2983 733 3042 Carnutum
764 3003 870 3042 nornen
893 2984 1073 3059 reperiatur,
1106 2987 1184 3043 tem-

62 3071 189 3146 poribus
212 3072 256 3130 rei
279 3072 417 3147 publicae
440 3073 550 3132 liberae
574 3075 604 3132 et
626 3073 816 3148 imperatoris
836 3072 971 3150 Augusti
993 3074 1065 3132 haec
1087 3072 1184 3132 forma

62 3160 157 3219 fuisse
181 3160 303 3220 videtur
325 3162 448 3221 usitata.
497 3161 620 3220 Cornuti
645 3164 746 3221 autem
770 3161 920 3237 scriptura
944 3165 1027 3222 extat
1050 3163 1082 3220 in
1104 3162 1183 3220 Plini

62 3249 134 3308 hist.
161 3253 222 3308 nat.
247 3249 301 3323 IV,
328 3255 367 3314 32
394 3255 588 3327 (quamquam
612 3252 748 3310 nonnulli
775 3251 889 3310 codices
920 3253 1079 3327 praebent:
1113 3252 1183 3310 Car-

63 3339 172 3398 nuteni
195 3339 363 3415 foederati),
380 3341 592 3420 Καρνουτῖνοι
616 3341 696 3415 apud
712 3341 910 3400 Plutarchum
922 3341 953 3398 in
966 3341 1098 3400 Caesaris
1121 3341 1184 3401 vita

63 3447 89 3486 ο.
116 3433 169 3498 25,
205 3416 402 3509 uocatae
433 3431 514 3504 apuu
537 3429 714 3489 sartionem
737 3429 791 3503 rr,
825 3435 854 3501 2,
887 3435 946 3494 rer
981 3434 1011 3490 a
1043 3435 1072 3504 3,
1110 3437 1182 3504 res,

66 3514 252 3597 Καρνοῦται
281 3518 311 3576 in
336 3518 499 3578 Ptolemaei
529 3539 631 3597 geogr.
664 3520 709 3581 ed.
738 3519 876 3597 Wilberg
907 3518 948 3591 ΙΙ,
982 3526 999 3584 7
1036 3540 1086 3597 pg.
1122 3526 1182 3584 173

64 3607 193 3681 (codices
217 3606 291 3684 Reg.
317 3607 405 3666 Goisl.
430 3608 494 3667 Pal.
523 3614 538 3672 1
564 3611 594 3668 et
618 3614 635 3672 2
661 3610 805 3684 praebent
820 3598 1013 3691 Ἀρνοῦται),
1038 3609 1184 3668 Carnutes

65 3696 147 3770 apud
171 3696 296 3754 Florum
318 3696 343 3771 I,
368 3702 419 3768 45,
446 3701 487 3760 20
513 3699 569 3774 (ed.
593 3697 753 3774 Halmius),
779 3693 961 3758 Carnutinus
984 3699 1014 3756 in
1038 3696 1130 3757 Orelli
1154 3701 1184 3758 et
1282 3771 1284 3775 Ι

65 3785 200 3845 Henzeni
222 3786 310 3845 inser.
335 3786 394 3845 vol.
418 3785 475 3861 III,
502 3792 602 3861 70463
636 3788 764 3863 deniquo
797 3787 922 3863 ,civitas
946 3788 1128 3847 Carnotum“
1153 3789 1186 3846 in

64 3874 176 3934 notitia
189 3873 356 3934 Galharum
372 3875 425 3947 IV,
443 3881 461 3941 3
480 3877 600 3952 (notitia
615 3876 799 3954 dignitatum
815 3877 859 3940 ed.
877 3876 1016 3936 Seeckius
1040 3898 1090 3956 pg.
1105 3883 1184 3942 264:

64 3965 206 4023 nonnulli
230 3965 343 4024 codices
359 3964 582 4041 Carnotenum),
607 3968 637 4025 et
664 3967 789 4039 „civitas
806 3966 991 4025 Carnotena“
1018 3968 1099 4043 apud
1115 3966 1184 4026 Sul-

65 4053 178 4129 picium
203 4051 347 4113 Severum
369 4054 400 4112 in
424 4055 506 4113 diall.
533 4061 563 4127 2,
589 4060 618 4128 3,
643 4055 723 4114 unde
747 4062 871 4131 apparet
894 4057 998 4132 primis
1022 4061 1090 4133 post
1114 4056 1182 4115 Chr.

25 4209 27 4212 ⁴
64 4163 95 4205 n.
120 4143 246 4202 saeculis
263 4148 381 4219 gentem
404 4143 488 4202 illam
502 4143 657 4215 Carnutes
683 4144 839 4216 Carnutes,
864 4145 1015 4220 Carnotes,
1041 4146 1184 4206 Comotos

66 4251 130 4292 esse
151 4233 343 4291 nominatam.
382 4232 451 4291 dam
469 4233 706 4311 Frisingensium
722 4235 879 4294 lectionem
894 4234 1103 4311 arriperemus,
1126 4236 1183 4296 nisi
