2946 5026
529 434 724 493 ,5,-

154 611 212 682 III,
238 616 269 682 4,
295 614 335 673 89
361 609 384 666 F
408 609 490 668 solus
514 608 652 666 exhibet:

206 699 368 776 Scyllaque
391 697 558 775 virgineam
583 697 708 758 canibus
731 697 882 756 succincta
905 697 1044 774 figuram,

65 789 158 849 ceteri
181 808 299 848 omnes:
328 787 517 863 „submixta“
544 787 592 845 vel
618 785 803 861 „submista“
831 789 935 862 aperta
958 785 1186 865 interpolatione

63 879 201 938 tradunt.

154 967 212 1039 III,
238 972 267 1037 6,
293 971 333 1031 23
359 966 383 1024 F
406 965 528 1025 scribit:
865 1016 866 1020 ,

217 1056 327 1126 Quales
351 1055 397 1114 his
421 1074 529 1131 poenas
553 1055 651 1130 qualis
674 1057 867 1131 quantusque
891 1053 1033 1125 minetur,

63 1147 100 1205 de
133 1166 195 1222 qua
229 1145 355 1206 lectione
386 1144 523 1220 quamvis
546 1143 657 1222 frigida
681 1147 711 1202 et
734 1144 834 1216 inani,
867 1143 899 1201 in
922 1142 1071 1221 Lygdami
1094 1161 1185 1201 versu

63 1235 205 1294 dubitare
228 1254 286 1293 non
309 1235 430 1307 licebit3
456 1234 546 1293 ceteri
569 1233 697 1292 codices:
724 1233 832 1303 Quales
856 1233 901 1292 his
917 1251 1025 1311 poenas
1041 1233 1114 1292 deus
1138 1231 1187 1291 hic

63 1328 275 1402 quantumque
299 1324 378 1400 (velt
403 1325 622 1399 quaecumque)
646 1323 788 1382 minetur.

154 1413 207 1485 IV,
234 1420 263 1485 6,
289 1418 330 1478 62
355 1412 379 1470 F
403 1414 542 1488 praebet:

255 1502 302 1561 Tu
324 1521 401 1578 puer
422 1503 443 1575 i,
468 1502 618 1578 liquidum
643 1502 753 1561 fortius
776 1502 851 1560 adde
874 1521 1001 1574 merum,

63 1593 176 1668 optime
200 1596 237 1651 116
259 1592 396 1664 videtur,
427 1611 482 1667 pro
506 1610 539 1650 eo
564 1593 643 1667 quod
673 1591 704 1650 in
733 1591 839 1652 ceteris
864 1593 1020 1650 exaratum
1044 1593 1105 1649 est:
1138 1589 1186 1650 ru

62 1701 140 1758 puer
164 1685 194 1741 et
217 1682 368 1757 liquidum
392 1701 416 1740 e.
442 1701 471 1756 q.
497 1699 520 1739 e.

153 1770 207 1844 IV,
235 1777 263 1845 l,
289 1775 330 1835 39
354 1771 385 1828 in
408 1770 432 1828 F
456 1769 615 1829 scribitur:

215 1861 294 1918 Nam
318 1860 385 1936 quis
408 1863 439 1919 te
462 1859 575 1918 maiora
599 1858 678 1936 gerit
700 1858 843 1918 castrisue
857 1861 896 1935 (1)
921 1858 1033 1929 lorove,

62 1949 157 2010 ceteri
188 1950 345 2009 exhibent:
382 1949 479 2025 „Nam
516 1949 629 2025 quique
659 1947 748 2022 tibi“‚
784 1938 937 2024 „Quisque
968 1948 1057 2019 tibi“,
1093 1945 1185 2023 „Quis

60 2039 120 2097 tibi
143 2045 244 2111 nam“,
269 2039 328 2098 alia
351 2041 456 2098 contra
480 2057 599 2097 sensum
623 2040 677 2096 aut
700 2055 805 2096 versus
829 2040 969 2097 metrum.

152 2128 206 2200 IV,
235 2135 262 2201 1,
289 2134 347 2192 55:
371 2128 413 2186 F:
437 2128 544 2199 lothes,
569 2127 675 2186 ceteri:
700 2127 818 2202 ciclops

152 2217 206 2290 IV,
233 2224 260 2290 l,
287 2223 328 2282 70
352 2236 396 2293 sq.
420 2218 452 2275 in
475 2217 643 2294 fragmento
667 2218 765 2276 extat:

235 2307 328 2365 Illum
351 2307 429 2366 inter
452 2306 588 2384 geminae
611 2309 733 2364 nantem
756 2305 883 2365 confinia
906 2305 1011 2365 mortis

155 2398 157 2401 ’
236 2396 299 2456 Nec
322 2395 439 2472 Scyllae
462 2414 551 2455 saevo
574 2395 741 2454 conterruit
763 2395 893 2470 impetus
917 2413 978 2466 ore,

59 2485 173 2561 reliqui
197 2504 297 2545 omnes
330 2505 422 2561 prave
451 2485 592 2544 exhibent
626 2483 736 2559 „Illum
759 2484 962 2562 tergeminae“
997 2487 1027 2543 et
1061 2485 1183 2558 „orbe“.

150 2574 204 2646 IV,
235 2582 260 2649 l,
289 2580 349 2640 142
374 2593 480 2635 versus
504 2574 679 2634 emendandi
702 2574 726 2631 F
750 2577 830 2633 certe
858 2592 961 2632 ansam
983 2575 1107 2649 praebet
1130 2592 1183 2651 op-

58 2664 185 2737 timam;
210 2664 266 2724 hoo
290 2664 369 2724 enim
391 2665 422 2722 in
448 2683 481 2724 eo
505 2667 588 2723 extat
611 2667 786 2723 exaratum:

236 2753 332 2813 Ardet
356 2753 482 2814 erectais
506 2756 561 2812 aut
583 2753 663 2811 unda
686 2751 860 2828 perhospita
882 2752 1003 2827 campie,

59 2842 151 2902 ceteri
175 2845 279 2902 contra
301 2843 372 2902 libri
396 2842 605 2921 gravissimam
628 2843 756 2901 tradunt
779 2841 1058 2916 interpolationem:

236 2950 348 3009 Creteis
372 2951 456 3008 ardet
481 2952 534 3008 aut
556 2950 638 3008 unda
661 2949 782 3010 caristia
806 2948 927 3024 campis·

148 3055 202 3130 IV,
232 3063 258 3129 1,
286 3060 347 3120 185
380 3056 422 3114 F:
456 3056 598 3115 fecundas
638 3056 675 3115 ad
715 3055 883 3115 deficientia
916 3055 1037 3128 messia,
1073 3055 1181 3116 ceteri:

59 3145 195 3204 fecundis
218 3146 418 3205 indeficientia
440 3145 563 3205 mensis,

148 3233 202 3305 IV,
230 3241 257 3307 l,
284 3240 348 3300 200
372 3235 413 3293 F:
438 3235 566 3309 vincere,
591 3234 701 3295 ceteri:
726 3235 857 3295 mittere.

149 3322 204 3395 IV,
233 3331 259 3395 1,
285 3329 348 3389 205
373 3324 397 3382 F
421 3325 558 3384 exhibet:

189 3412 249 3474 Seu
272 3417 392 3473 matura
414 3413 476 3473 dies
499 3415 623 3473 celerem
648 3417 788 3489 properat
810 3414 885 3472 mihi
907 3417 1045 3485 mortem,

59 3506 229 3563 ceterorum
252 3503 402 3578 scriptura
440 3503 521 3578 „dies
544 3503 607 3562 fato
631 3507 792 3581 properat“
829 3524 864 3563 ex
895 3503 1075 3581 glossemate
1098 3501 1179 3563 vocis

59 3612 137 3668 quae
162 3595 207 3652 est
229 3593 301 3667 dies,
325 3595 392 3653 orta
415 3593 544 3651 videtur.

147 3699 201 3772 IV,
227 3705 257 3772 3,
283 3705 301 3764 3
326 3698 369 3758 F:
393 3699 516 3775 proelia,
541 3698 650 3759 ceteri:
675 3702 795 3774 pectora
817 3701 865 3759 vel
888 3703 1016 3776 pectore.

148 3788 201 3864 IV,
228 3795 257 3862 6,
284 3795 301 3853 7
326 3789 350 3847 F
373 3791 516 3865 praebet:

203 3878 246 3938 At
267 3882 314 3953 611,
338 3883 451 3949 sancta,
476 3878 543 3937 fave
565 3897 625 3936 neu
649 3878 717 3954 quis
739 3878 863 3938 divellat
886 3882 1029 3950 amantea,

59 3967 168 4028 ceteri:
197 3987 327 4043 „nenos
350 3968 508 4042 divellat“,
532 3967 606 4044 quin
630 3968 720 4027 etiam
746 3988 824 4044 „neu
847 3968 910 4029 id“.

147 4073 201 4148 IV,
227 4081 257 4150 7,
282 4080 300 4140 5
324 4094 368 4152 sq.
392 4075 424 4134 in
447 4075 471 4133 F
494 4075 536 4135 sic
559 4076 741 4135 traduntur:

383 4181 450 4242 Mea
473 4182 584 4259 gaudia
606 4183 718 4255 narret,

316 4271 441 4335 Dicetur
464 4272 490 4331 si
512 4272 581 4352 quis
602 4289 662 4332 non
685 4271 823 4333 habuisse
845 4291 910 4346 sua,
