2946 5026
626 404 843 462 ..27-

172 577 248 635 mihi
263 577 375 652 videor,
392 579 423 636 in
439 577 538 638 codice
554 577 715 654 archetypo
731 578 887 636 exaratum
899 576 1004 635 fuisse:
1021 579 1125 634 aalma
1139 550 1246 637 modos
1261 574 1294 650 ¹),

172 667 218 725 ita
232 669 268 725 ut
292 666 347 727 hoc
370 687 405 725 ex
428 667 527 727 minus
550 669 631 727 recte
653 667 805 726 intellecta
827 666 978 742 scriptura
1001 683 1077 740 quae
1104 665 1169 723 erat
1192 669 1296 725 uatum

172 751 281 815 turdos
315 756 436 816 fluxisse
469 757 533 816 veri
567 756 753 815 simillimum
787 756 844 829 sit3
880 754 988 815 codicis
1021 752 1162 812 Wittiani
1200 754 1297 833 igitur

172 845 314 905 librarius
331 849 411 906 recte
429 846 598 905 emendavit
617 848 741 920 ,natum
761 845 791 903 in
808 848 928 915 cures“,
952 862 1044 919 quarn
1061 843 1296 903 emendationem

172 935 357 1010 improbasse
379 936 472 995 miror
494 934 749 1011 Bubendeium2),
774 934 827 1010 qui
849 933 897 993 vir
920 933 1026 993 doctus
1050 932 1159 992 codicis
1181 932 1296 993 Ebora-

172 1024 267 1083 censis
295 1024 454 1084 lectionem
485 1025 598 1083 variam
634 1043 764 1099 „vanum
788 1026 956 1094 metuens“,
991 1022 1054 1083 sine
1086 1021 1178 1081 dubio
1202 1023 1296 1081 inter·

172 1114 324 1189 polatione
341 1117 475 1174 exortam
490 1113 655 1173 intextum
670 1113 870 1190 recipiendam
886 1131 948 1172 esse
971 1111 1097 1172 censuit.
1130 1109 1296 1180 Quominus

172 1201 336 1262 Baehrensi
349 1203 551 1263 coniecturam
570 1222 701 1278 „venum
715 1204 880 1262 eventura“
896 1201 1086 1277 accipiamus,
1103 1200 1297 1276 prohibemur

172 1311 208 1351 eo
232 1293 312 1367 quod
343 1294 434 1353 codex
458 1291 733 1367 Guelferbytanae,
767 1292 854 1351 cuius
884 1290 1012 1352 lectione
1039 1289 1090 1349 ille
1112 1289 1236 1363 nititur,
1260 1292 1297 1348 ut

172 1381 251 1440 infra
274 1382 463 1453 docebimus,
497 1400 555 1440 non
588 1382 632 1441 ita
661 1381 893 1457 interpolatione
925 1380 975 1440 vel
998 1379 1174 1439 emendandi
1196 1378 1296 1438 studio

172 1471 250 1531 liber
274 1471 405 1541 videtur,
429 1490 527 1547 neque
549 1471 748 1549 intellegitur,
773 1470 921 1547 quomodo
944 1469 1047 1529 littera
1063 1487 1076 1527 s
1093 1468 1146 1527 illa
1162 1468 1298 1545 potuerit

172 1561 314 1637 irrepere,
338 1581 407 1621 oum
422 1560 453 1618 in
468 1564 533 1621 toto
550 1580 641 1621 versu
663 1561 781 1620 nullum
806 1558 989 1620 vocabulum
1012 1560 1137 1630 extaret,
1163 1558 1200 1617 ad
1217 1558 1297 1633 quod

173 1650 365 1710 accusativus
388 1650 515 1727 pluralis
538 1650 675 1710 feminini
694 1654 865 1724 „maturns“
884 1645 1089 1721 referretur⁸).
1113 1646 1172 1717 111,
1190 1652 1220 1721 4,
1241 1652 1295 1711 17:

172 1738 304 1797 AVBG:
330 1740 496 1811 ethereum,
521 1735 612 1798 A¹G:
637 1739 813 1801 aetherium.
845 1738 903 1809 ΙΠ,
921 1742 951 1807 l,
978 1741 1036 1801 81:
1062 1733 1202 1795 AVA¹B:
1227 1754 1297 1795 oon-

173 1829 358 1907 sangninm,
393 1827 461 1888 OG:
496 1829 576 1889 canis
611 1829 770 1906 anguinea.
807 1828 864 1898 III,
898 1833 927 1897 5,
962 1831 1019 1891 29:
1055 1822 1158 1886 AVB:
1192 1823 1298 1900 Atque

173 1917 272 1990 ndbis,
295 1916 411 1977 Ace:
436 1918 479 1978 At
495 1919 580 1978 vobis
597 1918 672 1994 (vel:
692 1919 800 1993 nobis).
824 1916 883 1987 111,
902 1921 930 1990 6,
949 1920 983 1980 8:
1008 1914 1129 1974 AVBd:
1155 1913 1297 1987 Pulserit,

172 2009 283 2068 ceteri:
308 2008 449 2070 Fulserit.
473 2007 531 2079 ΠΙ,
558 2013 587 2079 6,
615 2013 671 2072 15:
695 2007 794 2065 AVB:
818 2007 975 2075 Armenes,
1000 2005 1105 2064 ceteri:
1129 2002 1297 2064 Armenias.

172 2096 228 2169 IV,
257 2103 285 2168 1,
310 2103 371 2162 40:
396 2097 469 2156 AV:
493 2097 542 2158 hic
566 2101 621 2156 aut
643 2097 700 2157 tibi
725 2094 869 2175 (alterum
892 2095 940 2155 hio
964 2092 1156 2170 omiserunt),
1181 2093 1225 2151 B:
1250 2093 1298 2151 bic

173 2187 312 2262 (solum),
347 2185 461 2245 FOG:
501 2187 549 2246 bic
577 2188 633 2246 aut
662 2187 711 2246 bio
742 2187 809 2247 tibi.
848 2184 904 2256 IV,
937 2189 965 2255 1,
992 2188 1050 2247 56:
1085 2181 1172 2240 AV:
1208 2179 1299 2246 cessit

172 2275 317 2347 ethneae,
350 2277 457 2336 ceteri:
490 2276 578 2336 cessit
606 2278 636 2336 et
659 2279 772 2337 etneae.
798 2274 851 2346 IV,
880 2281 908 2346 1,
935 2279 993 2338 70:
1025 2272 1054 2330 A
1069 2271 1116 2330 V:
1141 2272 1297 2345 terminae,

173 2361 338 2424 Amos:
372 2366 574 2443 tergeminae,
607 2365 752 2425 Freote:
784 2367 864 2424 inter
895 2363 1039 2442 geminae.
1067 2361 1126 2432 IV,
1155 2366 1188 2432 1,
1217 2365 1295 2424 113:

173 2454 201 2512 A
215 2454 298 2514 VB:
333 2458 492 2514 renoveret
526 2458 592 2531 (per
622 2445 822 2537 ἡμιγραφίαν
858 2473 893 2512 ex
930 2452 1178 2528 „renovaverat“‚
1215 2450 1295 2526 quod

173 2546 318 2621 praebent
335 2540 438 2619 Μ),
472 2543 526 2618 IV,
548 2550 574 2615 l,
593 2548 672 2609 200:
701 2548 792 2619 „nec“
819 2543 920 2603 omisit
941 2545 1080 2617 uterque.
1104 2539 1159 2613 IV,
1183 2544 1213 2611 2,
1238 2545 1294 2603 14:

172 2632 299 2693 AVB:
323 2633 402 2693 hunc
427 2635 590 2709 (extet-2·
606 2634 645 2697 dd
667 2636 828 2709 exortum),
853 2632 962 2692 ceteri:
987 2630 1088 2689 habet.
1112 2627 1167 2699 IV,
1186 2634 1215 2700 3,
1236 2633 1295 2692 18:

173 2723 201 2781 A
219 2723 264 2783 V:
289 2723 345 2794 Da,
369 2723 477 2783 ceteri:
502 2722 558 2781 Ne.
583 2721 637 2794 IV,
657 2728 686 2794 5,
707 2728 745 2788 16
763 2723 929 2782 omiserunt
951 2720 1048 2796 spatio
1072 2737 1168 2778 vocuo
1191 2718 1296 2778 relicto

173 2814 356 2873 vocobulum
374 2813 454 2888 quod
471 2815 515 2873 est
534 2816 647 2887 „nos“;
671 2813 727 2872 hoe
743 2813 822 2872 enirn
845 2812 964 2888 praeter
983 2808 1008 2866 Β
1025 2808 1171 2885 praebent
1193 2807 1294 2867 ceteri.

173 2963 388 2972 -.-—-—---.

265 3040 292 3107 1)
312 3043 398 3097 Vides
417 3061 501 3112 quam
520 3043 603 3097 facile
622 3043 691 3096 haec
709 3041 853 3111 potuerint
877 3039 1022 3094 confundi:
1048 3039 1147 3091 natum
1172 3038 1296 3089 maturas

173 3118 204 3169 et
220 3118 449 3169 uanumueturas.
475 3114 518 3169 Ne
533 3114 651 3168 fortasse
661 3112 782 3167 conicias
805 3130 921 3176 ,vanum
932 3108 1047 3164 natura“
1070 3107 1176 3162 eisdem
1194 3105 1295 3174 quibus

173 3185 338 3240 Baehrensii
357 3186 517 3240 coniectura
535 3185 689 3255 repellitur,
708 3183 864 3238 rationibus
883 3181 1046 3252 prohiberis.

265 3289 293 3355 2)
313 3289 494 3355 Quaestiones
514 3289 699 3353 Tibullianae,
719 3289 831 3358 scripsit
850 3288 985 3343 Henrious
1003 3288 1164 3358 Bubendey,
1183 3288 1296 3342 Bonnae

174 3360 255 3425 1864,
273 3379 320 3431 pg.
331 3359 374 3414 34.
402 3360 543 3426 Quomodo
562 3361 605 3415 vir
623 3361 720 3415 doctus
740 3361 907 3416 contendere
917 3359 1049 3430 potuerit,
1068 3360 1167 3414 melius
1183 3362 1297 3429 poetam

173 3433 268 3488 dicere
286 3432 411 3486 homines
431 3431 479 3500 qui
498 3432 593 3486 omino
610 3432 700 3487 noctis
718 3432 841 3501 placent,
859 3434 983 3486 metuere
1002 3430 1072 3485 haec
1092 3430 1132 3497 (id
1147 3431 1221 3499 quod
1240 3430 1297 3484 iam

173 3504 360 3574 praecedente
378 3521 459 3558 versu
478 3501 613 3570 dixerat),
639 3521 724 3572 quam
748 3503 875 3557 homines
901 3502 931 3556 in
956 3520 1036 3556 ouras
1055 3506 1136 3557 natos
1156 3519 1298 3564 essenon

174 3575 319 3645 intellego.
357 3575 401 3629 An
420 3576 494 3643 quod
512 3575 578 3629 talis
598 3575 739 3630 sententia
757 3574 971 3644 interrogationi
990 3591 1046 3627 non
1066 3574 1222 3643 congruat?
1259 3574 1298 3628 At

173 3647 279 3701 iniuria
298 3646 491 3701 Lachmannus
515 3646 743 3716 interrogationis
771 3646 883 3714 signum
900 3645 993 3701 versui
1011 3645 1076 3700 huic
1095 3644 1229 3709 subiecit;
1248 3645 1297 3699 cfr.

173 3718 482 3788 Disseniedit.11pg.
502 3716 563 3783 345,
583 3717 719 3788 Scaligeri
738 3721 805 3772 cast.
825 3735 872 3787 pg.
894 3717 952 3772 166.

266 3821 294 3891 3)
315 3824 387 3891 Quid
406 3824 480 3893 quod
498 3825 543 3878 vel
562 3842 657 3879 versus
676 3828 765 3879 metro
784 3825 853 3878 haec
872 3823 1031 3878 coniectura
1055 3823 1214 3892 repellitur;
1234 3841 1298 3877 nus-

177 3915 262 3967 quam
288 3897 362 3951 enim
384 3895 414 3951 in
440 3895 546 3949 Tibulli
571 3898 621 3950 aut
639 3895 778 3966 Lygdami
797 3895 966 3949 carminibus
990 3893 1056 3948 talis
1075 3894 1105 3947 in
1123 3894 1185 3964 ipsa
1203 3912 1297 3949 versus

176 3986 292 4024 caesura
304 3967 383 4023 elisio
393 3967 538 4036 reperitur.
566 3967 628 4021 Huc
641 3968 750 4022 accedit
769 3967 843 4035 quod
861 3966 1028 4021 vocabulum
1045 3966 1111 4019 vani
1130 3966 1298 4034 ubicumque

177 4042 212 4104 de
230 4040 388 4096 hominibus
407 4041 584 4108 usurpatur,
604 4057 748 4107 nunquam
766 4039 824 4093 vim
842 4038 917 4093 vocis
937 4054 1008 4106 quae
1033 4039 1075 4091 est
1094 4038 1230 4102 credulus,
1250 4038 1298 4091 sed

178 4112 372 4179 tantummodo
395 4110 516 4177 bominis
535 4110 650 4180 gloriosi
668 4111 714 4166 vel
732 4109 841 4164 fallacis
860 4108 1044 4180 pseuduliqne
1055 4108 1157 4163 habere
1173 4109 1297 4172 videtum

178 4201 245 4247 cave
271 4202 334 4238 cunr
357 4183 409 4248 hoc
432 4199 514 4246 versu
539 4183 664 4237 conferas
690 4181 755 4246 Tac,
774 4181 840 4244 hist.
859 4181 894 4254 Π,
914 4180 947 4237 22
966 4198 992 4239 v.
1014 4178 1046 4234 14
1065 4178 1187 4247 Halmii,
1213 4179 1298 4253 Verg.

179 4256 246 4322 Aen,
265 4255 299 4329 X,
318 4253 380 4328 631,
398 4253 487 4334 Lygd,
505 4253 554 4328 111,
572 4253 598 4328 4,
617 4254 660 4317 56,
