2946 5026
627 458 846 518 ,-55—

173 634 378 702 offenderunt,
412 651 535 707 prorsus
559 633 602 693 eis
626 632 776 692 tollantur
799 650 896 706 neque
920 630 1084 707 quidquam
1108 629 1192 700 novi,
1218 631 1298 706 quod

173 724 320 783 offendere
344 723 447 797 possit,
472 725 578 798 poetae
603 722 782 798 assignetur.

263 828 320 886 Sed
344 831 447 886 extant
470 829 528 887 loci
557 827 693 887 nonnulli
717 827 769 903 qui
792 827 861 885 inde
892 848 909 885 a
934 826 1079 904 Scaligeri
1111 828 1297 903 temporibus

172 919 279 975 utrum
294 921 374 976 recte
390 936 420 976 se
437 918 567 976 habeant
586 938 622 976 an
646 916 804 992 particulis
828 916 1009 991 quibusdam
1033 916 1172 975 carminis
1196 921 1293 976 trans·

172 1007 315 1081 ponendis
339 1007 462 1065 sanandi
484 1007 561 1077 sint,
596 1006 728 1065 homines
752 1005 832 1064 docti
855 1005 1068 1087 disputarunt,
1103 1025 1200 1081 neque
1224 1006 1296 1064 dum

173 1096 247 1154 certi
271 1096 437 1172 quidquam
460 1099 613 1172 repertum
638 1096 691 1154 est.
728 1093 772 1151 Ex
795 1094 906 1169 quibus
931 1114 1041 1169 paucos
1066 1095 1177 1171 quibus
1201 1095 1297 1154 Baeh-

172 1185 289 1244 tensius
305 1204 401 1260 nuper
417 1185 601 1244 traiectionis
613 1183 779 1244 remedium
796 1183 939 1254 admovit,
956 1184 1068 1243 iterum
1081 1202 1296 1246 recenseamus

173 1272 333 1332 Ordiamur
357 1294 374 1331 a
397 1274 492 1333 totius
524 1273 618 1334 libelli
641 1272 805 1331 Tibulliani
829 1273 958 1332 carmine
982 1273 1095 1348 primo,
1130 1274 1209 1348 quod
1235 1293 1296 1331 om-

172 1363 257 1421 niurn
281 1364 451 1439 saepissime
475 1364 533 1422 viri
556 1363 636 1422 docti
659 1364 877 1421 tractaverunt.
919 1359 925 1369 ‘

622 1541 647 1615 Ι,
676 1548 703 1613 l,
732 1546 846 1605 1-40.

262 1656 335 1715 Post
350 1657 515 1716 Antonium
533 1657 679 1733 Vulpium
696 1657 749 1734 qui
765 1657 812 1716 vir
828 1657 935 1715 doctus
952 1655 1114 1731 pristinum
1130 1655 1297 1714 carminum

172 1745 412 1805 Tibullianorum
445 1747 578 1807 ordinem
611 1749 647 1806 ab
678 1746 708 1804 J.
733 1746 763 1804 J.
800 1744 981 1822 Scaligero¹)
1013 1763 1129 1804 summa
1160 1764 1226 1804 curn
1260 1744 1297 1801 li·

172 1835 269 1893 centia
300 1838 476 1899 turbatum.
509 1837 539 1893 in
572 1836 725 1912 integrum
756 1834 950 1905 restituerat,
983 1834 1099 1909 primus
1127 1834 1297 1893 Fridericus

173 1923 339 2000 Haasiusq
364 1925 440 1984 hanc
464 1925 500 1983 de
524 1945 585 1999 qua
608 1924 794 1999 disputaturi
825 1942 930 2000 sumus
962 1923 1033 1982 libri
1056 1923 1144 1998 primi
1168 1922 1295 1997 elegiam

173 2014 310 2071 versibus
333 2014 562 2090 transponendis
593 2014 754 2072 sanandam
785 2031 847 2071 esse
878 2012 994 2072 censuit
1017 2031 1186 2086 novamque
1210 2012 1295 2070 disti·

173 2103 297 2161 chorum
321 2103 478 2179 proposuit
502 2103 736 2173 collocationem,
762 2121 852 2177 quam
877 2101 998 2177 quidem
1021 2101 1172 2160 Lucienus
1196 2101 1294 2159 Muel-

173 2192 254 2249 lerus
278 2191 309 2249 in
333 2192 493 2252 editionem
516 2211 603 2250 suam
619 2191 734 2249 Tibulli
748 2191 879 2266 recepit3
904 2191 1009 2250 deinde
1024 2190 1074 2249 via
1097 2189 1187 2249 semel
1210 2193 1296 2265 pate·

172 2280 253 2339 facta
277 2281 334 2339 viri
358 2282 438 2341 docti
461 2282 537 2341 hanc
561 2281 767 2357 quaestionem
790 2280 928 2340 certatim
946 2279 1079 2357 aggressi
1103 2280 1181 2338 alius
1206 2279 1296 2338 aliam

172 2389 316 2428 versuum
327 2371 611 2430 transmutationem
624 2370 916 2441 commendaverunt,
930 2370 1016 2428 velut
1025 2367 1059 2426 Ο.
1070 2366 1295 2443 Ribbeekiusb,

173 2458 211 2515 A.
240 2458 425 2535 Prienius4),
463 2461 498 2520 lt.
532 2457 738 2535 8111111115),
775 2458 860 2518 Aem.
885 2456 1130 2537 Baehrensiusssl,
1164 2462 1200 2517 ut
1234 2457 1293 2516 iarn

172 2549 476 2624 quampotissimum
507 2548 686 2608 sententiam
708 2550 831 2624 probes,
864 2548 1003 2606 dubitare
1033 2547 1137 2622 possis
1184 2546 1293 2616 Quam·
1331 2580 1335 2587 -

173 2639 275 2695 obrem
293 2638 430 2713 equidem
450 2638 494 2697 ita
511 2638 585 2697 hano
601 2637 836 2713 disputationem
851 2636 1020 2707 instituam,
1045 2639 1081 2694 ut
1104 2654 1161 2694 non
1186 2654 1294 2695 novam

172 2726 306 2800 aliquam
329 2727 358 2784 in
383 2728 514 2786 medium
537 2726 686 2803 proferam
703 2726 879 2802 opinionem,
904 2727 955 2785 scd
971 2729 1007 2784 ut
1028 2745 1062 2785 ea
1079 2727 1199 2784 tantum
1216 2744 1293 2801 quae
1381 2748 1384 2755 ·

173 2815 204 2871 in
229 2816 363 2873 virorum
387 2816 543 2875 doctorum
575 2834 718 2875 versuum
749 2814 976 2874 traiectionibus
1007 2814 1174 2885 offendant,
1203 2833 1319 2889 quarn.

172 2907 278 2978 potero
302 2905 497 2979 apertissime,
522 2905 674 2979 explicem.

264 3019 338 3078 Cum
362 3024 463 3080 autem
487 3040 535 3080 eas
559 3039 635 3096 quas
658 3020 789 3079 Haasius
805 3019 1048 3095 Ribbeckiusquc
1071 3023 1294 3095 proposuerunt

171 3110 440 3169 transmutationes
456 3110 616 3170 Richterus
633 3129 762 3184 eumque
785 3111 906 3168 secutus
923 3107 1155 3183 Baehrensiusll
1180 3109 1293 3184 optimo

171 3198 238 3257 iure
273 3200 345 3258 adeo
377 3199 552 3273 reciderint,
587 3202 623 3258 ut
652 3198 729 3256 nilril
760 3198 818 3256 nisi
850 3216 954 3257 versus
987 3198 1064 3257 alter
1095 3196 1164 3257 inde
1192 3218 1209 3256 a
1234 3199 1293 3262 25⁰

264 3426 290 3492 l)
309 3427 369 3481 Cat.
398 3427 458 3480 Tib.
485 3427 566 3496 Prop.
591 3444 675 3496 opera
698 3427 792 3480 omnia
818 3443 889 3494 quae
915 3429 1021 3481 extant.
1059 3427 1127 3481 Cum
1153 3427 1293 3481 variorum

171 3500 294 3554 virorum
313 3498 528 3564 commentariis,
548 3498 662 3551 Parisiis
682 3498 760 3552 1604.

263 3595 289 3661 2)
309 3596 392 3650 index
411 3596 475 3651 lect.
495 3595 592 3650 aestiv.
612 3595 731 3650 univers.
750 3595 902 3649 Vratislav.
925 3594 1002 3660 1855,
1022 3614 1070 3664 pg.
1092 3596 1124 3649 10
1143 3614 1203 3664 sqq.

262 3692 289 3760 3)
308 3694 391 3748 index
411 3694 495 3748 schol.
514 3693 589 3748 univ.
609 3693 741 3748 Kicliens.
763 3692 840 3746 1867.

260 3792 288 3858 4)
307 3792 480 3847 Fleckeiseni
498 3793 591 3846 annal.
610 3792 665 3846 vol.
684 3791 758 3857 XVI,
780 3790 857 3857 1870,
877 3809 924 3861 pg.
944 3790 996 3844 689
1015 3809 1075 3860 sqq.

262 3890 289 3956 5)
309 3891 349 3944 De
368 3891 445 3944 Albii
463 3891 569 3944 Tibulli
591 3891 681 3945 tribus
706 3890 803 3960 primis
829 3890 998 3944 carminibus
1017 3889 1180 3960 disputatio,
1199 3907 1292 3960 progr.

172 3980 300 4033 gymnas.
320 3963 449 4016 Zwiokau
469 3961 545 4016 1873.

263 4058 290 4126 6)
310 4061 481 4115 Tibullische
500 4061 612 4125 blatra,
632 4078 678 4130 pg.
699 4059 733 4113 63
753 4079 813 4129 sqq.

263 4157 289 4223 7)
308 4158 356 4211 cfr.
383 4158 443 4212 Tib.
472 4158 577 4212 blatter
602 4176 648 4227 pg.
669 4158 718 4211 67:
743 4158 833 4213 Somit
859 4157 992 4211 crweiscn
1017 4157 1076 4211 sich
1106 4157 1151 4211 die
1175 4158 1293 4228 librigcn

174 4232 374 4299 umsetzungen
392 4229 512 4295 Haases,
538 4247 610 4299 ganz
638 4229 797 4299 abgesehen
822 4230 927 4294 davon,
946 4228 1010 4283 dass
1029 4228 1069 4286 sie
1088 4229 1160 4285 auch
1178 4247 1215 4287 au
1234 4230 1293 4287 sich
1405 4294 1409 4300 p

173 4301 335 4371 unmdglich
354 4300 425 4367 sind,
445 4302 486 4356 als
506 4299 678 4372 liberfliissig.
