2946 5026
626 401 844 461 ..15-

307 588 363 643 111.
383 588 423 644 lle
444 587 575 644 Vlncentl
594 586 812 643 Bellorccensls
830 589 860 642 et
878 585 1022 653 scaligeri
1041 584 1160 653 eclogia.

264 717 308 776 De
333 718 480 793 excerptis
504 717 710 777 Vincentianis
743 737 820 793 quae
844 714 916 775 Otto
941 715 1101 776 Richterus
1124 714 1156 773 in
1187 714 1294 773 disser-

171 806 288 865 tatione
318 807 355 867 de
376 807 462 867 Vino.
494 807 643 867 Bellovcc.
669 806 814 882 excerptis
845 805 1024 864 Tibullianis
1036 803 1059 887 ¹)
1092 803 1294 874 contenderat,

172 894 318 956 Ernestus
342 897 517 956 Protzenius
541 897 571 955 in
596 896 697 957 libello
721 915 786 969 suc,
818 915 907 971 quem
939 912 1030 969 supra
1054 893 1294 962 memoravimus

172 986 287 1061 optime
309 986 447 1046 correxit.
496 985 563 1045 Non
587 987 666 1044 enim
682 986 821 1044 Vincenti
845 985 960 1062 eclogas
977 984 1094 1043 easdem
1119 1001 1180 1043 esse
1204 986 1295 1057 atque

172 1072 380 1152 Scaligeranas
403 1095 501 1151 neque
524 1075 611 1133 illum
627 1076 737 1134 saeculi
752 1074 829 1132 XIII
847 1074 1023 1148 scriptorem
1046 1073 1164 1149 integro
1181 1070 1293 1130 Tibulli

172 1165 274 1223 codice
298 1184 389 1224 usum
413 1183 484 1236 esse,
518 1165 568 1225 sed
593 1185 628 1223 ex
651 1184 712 1223 unc
737 1165 899 1239 eodemque
923 1166 1015 1238 atque
1039 1181 1108 1221 eum
1132 1162 1185 1236 qui
1202 1159 1295 1220 Scali-

172 1254 239 1330 geri
263 1254 381 1332 eclogas
404 1254 589 1330 conseripsit,
623 1253 757 1312 hausisse
789 1252 881 1321 fonte,
914 1251 1003 1311 certis
1033 1251 1202 1310 rationibus
1226 1269 1294 1325 prc-

172 1343 268 1402 bavit.
316 1344 410 1413 Quem
434 1344 547 1403 fontem
564 1363 632 1402 cum
648 1363 698 1421 pg.
714 1347 755 1407 36
781 1343 912 1401 censeret
928 1340 1109 1417 florilegium
1125 1339 1295 1398 Parisinum

172 1452 232 1489 non
255 1433 358 1506 fuisse,
383 1451 455 1492 casn
470 1433 567 1510 magis
584 1451 676 1508 quam
700 1432 789 1507 culpa
805 1431 950 1489 erravisse
975 1429 1112 1489 videtur:
1137 1429 1191 1487 tali
1217 1429 1294 1488 enim

171 1521 402 1582 ratiocinatione
425 1540 499 1581 usus
524 1525 578 1593 est,
604 1521 797 1580 Vincentium
824 1520 849 1579 si
873 1519 1190 1594 Nostradamensem²l
1215 1518 1295 1577 codi-

171 1631 247 1681 cem,
265 1631 354 1688 quem
367 1611 463 1670 solum
476 1632 511 1671 ex
524 1610 688 1670 Woelfflini
701 1610 903 1686 disputatione
916 1611 1098 1685 cognoverat
1111 1607 1294 1677 Protzenius,

171 1702 378 1776 excerpsisset,
403 1720 462 1760 non
478 1700 645 1760 Tibullium
660 1703 780 1780 poetam
804 1699 896 1758 fnisse
912 1701 1101 1768 vocaturum,
1127 1716 1195 1756 cum
1212 1695 1294 1753 Pari·

171 1791 239 1848 sina
264 1793 402 1866 excerpta
433 1790 684 1850 inscriberentur:
723 1788 882 1864 „Tibullus
915 1788 952 1846 de
977 1787 1122 1845 felicitate
1154 1785 1295 1861 pauperis

171 1879 293 1951 vitae“;
328 1899 426 1954 neque
448 1881 510 1939 tres
535 1880 613 1939 locos
638 1899 655 1936 a
678 1878 824 1954 florilegio
849 1877 960 1936 alienos
983 1875 1008 1947 Ι,
1038 1881 1064 1947 1,
1093 1880 1187 1938 1-4.
1213 1875 1237 1946 Ι,
1264 1880 1294 1946 8,

172 1973 228 2032 46.
253 1967 278 2040 Ι,
305 1974 334 2038 9,
361 1973 400 2032 52
426 1969 531 2028 afferre
555 1968 698 2043 potuisse.

265 2058 307 2116 At
331 2061 434 2117 extant
456 2058 486 2115 in
510 2061 641 2134 utroque
665 2056 804 2133 florilegii
828 2055 956 2114 Parisini
985 2055 1085 2114 codice
1108 2071 1214 2114 versus
1238 2052 1294 2126 illi,

172 2149 204 2206 et
220 2164 327 2206 nomen
340 2146 465 2206 Tibullii
488 2146 541 2205 illa
558 2151 657 2206 aetate
671 2146 826 2205 hominum
843 2145 968 2203 auribus
991 2147 1053 2203 tam
1075 2146 1144 2220 apte
1160 2142 1294 2201 sonuisse

171 2236 306 2309 videtur,
330 2239 367 2294 ut
390 2237 462 2295 haec
485 2236 613 2295 nominis
637 2236 733 2300 forma
757 2239 833 2294 esset
856 2233 1071 2304 usitatissima;
1101 2233 1132 2291 id
1155 2232 1236 2307 quod
1260 2251 1295 2290 ex

172 2344 208 2383 eo
233 2325 364 2384 efficitur
387 2326 469 2400 quod
501 2326 592 2385 etiam
613 2325 645 2383 ·is
678 2325 732 2400 qui
755 2323 957 2401 Frisingensia
989 2325 1126 2397 excerpta
1156 2320 1294 2393 confecit,

171 2414 287 2473 saeculi
299 2413 343 2472 XI
367 2415 581 2493 grammaticus
593 2413 628 2490 ³),
653 2414 785 2488 primum
801 2413 920 2488 scripsit
937 2412 1069 2482 Tibullii,
1093 2414 1196 2487 postea
1211 2409 1295 2487 geni·

171 2504 275 2562 tivum
298 2504 400 2563 littera
423 2505 541 2563 ierasa
564 2504 594 2562 in
619 2503 732 2561 Tibulli
755 2504 882 2562 formem
915 2501 1063 2571 mutavit3
1099 2501 1159 2560 huc
1183 2499 1296 2559 accedit

172 2593 256 2669 quod
286 2593 349 2668 ipse
373 2593 527 2652 Parisinus
558 2594 634 2652 alter
669 2594 753 2656 7647
787 2612 876 2667 quem
906 2591 1082 2667 Meynckins
1114 2589 1294 2665 divulgavit,

173 2682 296 2742 exhibet
323 2682 520 2756 ,Tibulliue“
570 2682 775 2742 Certissimum
792 2700 863 2739 vero
888 2683 1101 2757 argumentum
1117 2697 1177 2755 quo
1193 2681 1296 2737 nostra

172 2772 326 2831 sententia
349 2774 503 2847 probetur,
539 2772 595 2833 hoc
623 2771 697 2829 mihi
721 2770 852 2844 videtur,
886 2770 967 2845 quod
990 2770 1021 2827 in
1045 2768 1195 2828 Vincentii
1219 2768 1295 2827 libro

173 2863 206 2920 et
229 2861 260 2919 in
283 2861 436 2939 florilegiis
460 2861 603 2919 Parisinis
637 2861 755 2920 eaedem
779 2859 971 2935 reperiuntur
995 2877 1138 2917 versuum
1161 2857 1295 2931 lacunae,

172 2950 261 3008 velut
284 2949 315 3007 in
338 2949 396 3023 111,
422 2956 451 3021 3,
480 2956 516 3014 ll
544 2969 600 3027 sq,
631 2950 685 3008 nbi
715 2950 744 3007 in
778 2950 919 3024 utrisque
951 2948 1096 3023 excerptis
1120 2964 1225 3006 versus
1253 2952 1294 3010 14

174 3042 207 3098 et
233 3046 271 3102 15
297 3042 368 3098 sunt
392 3039 501 3098 omissi.

266 3127 341 3186 Cum
357 3129 454 3206 igitur
466 3127 680 3188 Vincentianae
697 3128 816 3205 eclogae
831 3147 890 3186 non
905 3127 963 3186 nisi
978 3125 1156 3186 lectionibus
1172 3125 1296 3184 minutis

174 3218 353 3296 aficrilegii
376 3217 504 3276 Parisini
534 3217 633 3278 codice
658 3217 819 3293 archetypo
851 3217 1028 3291 discrepent,
1065 3234 1162 3290 neque
1184 3215 1296 3274 maiore

174 3326 266 3382 quam
297 3307 372 3365 illud
402 3307 495 3367 fuisse
527 3308 645 3366 ambitu
668 3306 838 3376 videantur,
872 3306 945 3381 quin
980 3305 1070 3364 etiam
1102 3306 1223 3364 lacunas
1248 3324 1295 3363 ex-

173 3396 299 3456 hibeant
322 3397 449 3468 easdem,
475 3396 668 3456 Vincentium
691 3397 790 3455 codice
806 3395 936 3470 quodam
952 3394 1092 3472 florilegii
1108 3394 1190 3453 illius
1206 3413 1296 3453 nsum

174 3503 238 3544 esse
261 3486 395 3561 apparet.

265 3573 346 3644 Quas
370 3577 471 3634 autem
494 3573 626 3652 Scaliger
649 3574 788 3633 adhibuit
812 3574 927 3652 eclogas
950 3573 1137 3633 Tibullianas
1161 3592 1196 3631 ex
1211 3572 1295 3630 Peri·

175 3664 240 3722 sino
263 3663 404 3741 florilegii
428 3682 588 3738 emanasse,
616 3664 671 3723 hac
694 3664 810 3722 ratione
833 3666 933 3738 potest
957 3663 1062 3722 evinci.
1111 3661 1193 3731 Quae
1216 3662 1296 3720 inter

174 3756 306 3829 utraque
331 3757 470 3829 excerpta
487 3755 590 3813 extant
605 3753 821 3828 discrepantiae
844 3752 1013 3811 levissimae
1029 3771 1160 3827 casuque
1177 3755 1296 3810 exortae

175 3847 256 3903 sunt.
303 3843 346 3903 Ut
369 3863 464 3919 pauca
481 3844 602 3903 afferam
619 3843 761 3918 exempla,
785 3843 816 3900 in
833 3842 885 3905 lib.
911 3841 935 3915 I,
965 3848 991 3912 l,
1017 3845 1059 3904 44
1080 3843 1217 3914 excerpta
1241 3859 1295 3898 sua

175 3994 389 4001 -.qm——

267 4073 293 4140 1)
313 4073 473 4128 dissertatio
492 4092 516 4128 a.
538 4072 606 4126 1865
626 4073 739 4127 Bonnae
759 4072 867 4125 emissa.

266 4163 292 4228 2)
313 4165 341 4216 id
361 4167 403 4218 cst
422 4164 578 4217 Parisinnm
598 4162 740 4216 n017903.

265 4252 292 4320 3)
312 4255 356 4307 vel
375 4254 468 4324 potius
488 4252 617 4306 librarius
636 4253 720 4320 paulo
739 4249 884 4304 recentior.
