2946 5026
764 380 962 443 22...

303 552 507 632 quaestionem
538 556 742 630 temptandam
768 555 919 614 Conradus
942 556 1109 615 Bursianus
1141 557 1317 631 praeceptor
1341 573 1425 615 meus

303 645 405 704 sedulo
429 643 503 702 mihi
526 646 754 706 commendavit.

390 824 599 883 Lachmannus
622 823 718 901 igitur
746 843 814 882 cum
838 843 864 882 a.
893 829 976 888 1829
1002 825 1117 900 primus
1141 823 1253 883 Tibulli
1285 824 1423 884 libellum

302 915 383 972 iusto
400 916 548 990 apparatu
565 913 668 972 critico
686 913 870 972 instructum
894 914 1004 986 ederet,
1029 935 1064 974 ex
1087 914 1184 972 multo
1207 914 1320 972 maiore
1345 914 1423 988 quod

212 1018 215 1023 ’
302 1003 329 1062 51
353 1007 472 1079 praesto
496 1005 570 1074 erat,
594 1002 795 1062 instrumento
819 1002 933 1062 codices
950 1004 1060 1062 saeculi
1076 1003 1132 1061 XV
1156 1002 1263 1079 selegit
1287 1003 1423 1078 quinque

303 1093 356 1167 qui
372 1093 429 1167 ipsi
446 1092 588 1150 fidissima
600 1096 705 1166 poetae
722 1093 895 1151 emendandi
912 1093 1059 1168 praesidia
1074 1093 1264 1152 videbantur.
1289 1091 1422 1161 Quorum

302 1181 418 1256 primus
450 1200 539 1257 quem
567 1183 604 1238 ut
635 1182 769 1239 omnium
800 1182 948 1257 optimum
979 1181 1081 1241 littera
1105 1181 1133 1239 A
1156 1181 1284 1254 notavit,
1310 1181 1423 1240 Ebora·
1466 1198 1468 1205 ·

303 1271 397 1329 censis
421 1291 448 1328 a.
477 1275 559 1333 1425
586 1273 736 1341 exaratae,
761 1291 779 1329 5
802 1271 925 1330 Nicolao
948 1271 1073 1330 Heinsio
1100 1273 1137 1329 ut
1160 1271 1225 1330 viro
1249 1271 1337 1330 docto
1362 1290 1423 1329 sae·
1466 1214 1468 1363 1

301 1360 362 1418 5111
385 1359 473 1417 XVII
504 1378 563 1417 non
595 1359 640 1418 ita
671 1359 833 1436 diligenter
864 1363 929 1419 erat
959 1379 1110 1419 excussus.
1157 1359 1245 1418 Alter
1268 1359 1422 1418 Parisinus
1466 1376 1468 1425 1

302 1449 404 1526 regius
420 1454 454 1506 n⁰
472 1453 557 1512 7909
580 1448 753 1508 chartaceus
770 1449 839 1507 anni
858 1455 953 1520 1423,
979 1469 1067 1525 quem
1091 1450 1195 1509 littera
1218 1448 1243 1505 B
1266 1449 1424 1526 insignivit

301 1538 521 1611 Lachmannus,
546 1536 762 1597 Eboraeensem
785 1557 877 1613 prope
901 1558 1031 1613 aequare
1054 1539 1136 1597 visus
1160 1542 1206 1598 est
1231 1539 1422 1598 auctoritate.

302 1627 423 1703 Reliqui
446 1630 525 1697 tres,
550 1625 718 1686 WIttianus
742 1630 1004 1701 membranaceus,
1029 1647 1046 1684 a
1069 1627 1260 1687 Lachmanno
1283 1628 1425 1686 litterae

301 1719 434 1786 notatae,
458 1716 606 1774 Datianus
621 1717 640 1775 d
657 1719 687 1775 et
702 1716 900 1776 Askewianus
917 1738 932 1777 e
947 1722 1077 1792 uterque
1094 1718 1269 1776 chartaceus
1286 1720 1423 1792 aspectu-

302 1825 361 1880 que
376 1805 480 1864 focdus
497 1805 592 1863 altera
608 1806 729 1864 demum
745 1807 856 1865 saeculi
871 1806 927 1863 XV
944 1808 1030 1882 parte
1054 1807 1158 1882 scripti
1182 1810 1269 1865 sunt:
1294 1825 1424 1881 quorum

301 1894 457 1953 consensui
480 1914 548 1953 cum
571 1914 710 1972 magnam
733 1894 943 1954 Lachmannus
965 1897 1115 1955 tribueret
1140 1895 1368 1966 auctoritatem,
1393 1895 1424 1952 in

301 1984 428 2061 singulis
458 1986 558 2041 tamen
589 1984 665 2042 nihil
696 1984 765 2043 fidei
795 1985 891 2044 inesse
922 1986 1040 2044 statuit.
1088 1985 1211 2044 Praeter
1235 1985 1289 2043 hos
1312 1985 1425 2043 codices

300 2073 444 2146 integroS,
469 2073 518 2132 sed
543 2074 718 2132 recentioris
742 2075 851 2133 aetatis
875 2075 933 2133 alia
957 2093 1077 2151 quoque
1101 2074 1274 2149 antiquiora
1297 2074 1342 2131 rei
1367 2074 1423 2132 511-

301 2163 378 2222 11555
395 2162 530 2220 subsidia
546 2163 694 2234 adhibuit,
712 2182 792 2238 quae
808 2164 845 2222 ad
858 2163 992 2241 singulas
1008 2166 1129 2222 tantum
1146 2163 1241 2222 libelli
1259 2163 1424 2221 Tibulliani

301 2255 401 2326 partes
430 2253 575 2326 spectant.
623 2252 658 2310 In
690 2253 802 2327 quibus
830 2253 958 2311 maxime
982 2253 1081 2312 elucet
1112 2253 1318 2330 fragmentum
1348 2252 1425 2310 illud

301 2343 511 2415 pervetustum
527 2344 618 2415 atque
634 2344 671 2400 ut
686 2342 808 2400 videtur
824 2342 1108 2416 emendatissimum,
1125 2342 1205 2417 quod
1217 2341 1279 2400 Jos.
1294 2340 1426 2418 Scaliger

301 2429 364 2489 Jac.
390 2429 509 2488 Ouiacio
533 2434 690 2506 acceptum
713 2431 857 2489 debebat:
891 2432 963 2490 haec
985 2433 1158 2491 membrana
1181 2431 1294 2506 optima
1316 2431 1385 2490 inde
1409 2451 1426 2488 a

301 2518 449 2596 Lygdami
482 2519 594 2596 elegiae
617 2519 662 2577 IV
692 2538 782 2578 versu
807 2525 847 2584 65
878 2520 1022 2596 incipiens
1054 2522 1113 2579 duo
1145 2539 1266 2596 quoque
1289 2519 1424 2595 Priapes,

302 2627 379 2683 quae
394 2608 425 2665 in
441 2609 547 2667 ceteris
571 2609 723 2668 codicibus
745 2627 805 2667 non
829 2612 941 2680 extant,
966 2609 1119 2684 complexa
1143 2628 1204 2668 esse
1228 2609 1370 2668 traditur.
1387 2643 1421 2652 —

302 2698 461 2756 Praeterea
484 2697 692 2756 Lachmannus
717 2699 753 2756 ad
777 2697 890 2758 Tibulli
914 2717 1018 2757 versus
1053 2699 1250 2758 emendandos
1281 2716 1356 2757 usus
1382 2702 1426 2757 est

302 2787 448 2862 excerptis
471 2807 549 2862 quae
564 2787 742 2847 Vincentius
755 2787 973 2846 Bellovacensis
997 2788 1075 2848 circa
1098 2807 1123 2845 a.
1145 2792 1227 2851 1250
1252 2787 1282 2844 11
1304 2787 1425 2862 speculo

301 2895 355 2936 suo
387 2876 547 2935 doctrinali
579 2877 691 2952 passim
722 2877 846 2950 attulit,
878 2877 1018 2952 idemque
1048 2877 1146 2935 varias
1177 2876 1318 2935 lectiones
1350 2895 1425 2950 quas

302 2964 436 3042 Scaliger
459 2985 494 3024 ex
528 2967 702 3044 eclogarum
725 2966 823 3025 codiee
855 2967 985 3041 quodam
1008 2969 1109 3026 vetere
1132 2965 1262 3043 margini
1286 2965 1426 3024 editionis

301 3054 509 3114 Plantinianae
533 3075 559 3116 a.
587 3061 671 3120 1569
696 3056 819 3114 emissae
843 3057 1031 3131 ascripserat,
1058 3056 1210 3131 exipsius
1234 3055 1291 3112 viri
1315 3055 1425 3113 doctis·

302 3144 369 3202 simi
404 3144 653 3221 castigationibus
690 3148 721 3204 et
755 3144 872 3203 Heinsii
904 3145 1148 3203 adnotationibus
1179 3144 1209 3202 in
1246 3146 1426 3219 apparatum

302 3233 441 3292 criticum
472 3235 643 3309 assumpsit.
678 3268 718 3278 -
750 3233 904 3294 Postremo
940 3234 1031 3293 etiam
1062 3253 1110 3293 eas
1142 3251 1217 3309 quas
1250 3233 1426 3292 Franciscus

302 3322 432 3382 Paccius
450 3342 475 3381 a.
497 3328 580 3387 1502
598 3323 760 3398 exemplari
776 3323 915 3383 editionis
927 3323 1082 3401 Regiensis
1098 3322 1247 3385 adiecerat
1263 3322 1427 3381 lectionum

303 3412 463 3471 varietates
487 3413 648 3490 diligenter
681 3413 855 3487 adnotavit,
892 3432 962 3473 cum
991 3413 1167 3490 intellegere
1191 3412 1248 3471 sibi
1272 3412 1427 3471 videretur

303 3503 404 3560 virum
426 3502 513 3559 illum
537 3502 660 3561 doctum
683 3502 854 3576 antiquiore
877 3522 968 3577 quam
1000 3502 1097 3561 nostri
1119 3502 1190 3560 libri
1212 3503 1301 3573 sunt,
1327 3501 1427 3560 codice

303 3590 474 3649 Tibulliano
497 3609 586 3649 usum
612 3610 683 3650 esse.

392 3679 465 3738 Post
488 3679 713 3739 Lachmannum
737 3682 840 3739 autern
863 3699 942 3739 nova
957 3679 1071 3739 Tibulli
1095 3678 1269 3739 emendandi
1292 3679 1427 3737 subsidia

303 3770 385 3828 15511
415 3788 538 3841 sumus,
572 3770 703 3845 primum
736 3770 875 3845 excerpta
898 3768 1137 3846 Frisingensia¹)
1170 3769 1200 3827 in
1225 3768 1324 3827 codice
1347 3787 1427 3827 nunc

298 3841 472 3917 'Monacensi
488 3864 521 3916 n⁰
535 3863 619 3923 6292
645 3859 786 3931 extantia,
812 3859 923 3918 saeculi
939 3858 992 3929 XI,
1016 3878 1198 3934 quamquam
1215 3857 1289 3916 satis
1306 3857 1425 3933 exigua,

395 4087 422 4155 1)
440 4087 630 4157 Trisingensia
647 4091 778 4159 excerpta
791 4087 896 4142 Tibulli
914 4089 1021 4158 primus
1040 4089 1070 4141 in
1089 4088 1180 4142 lucem
1198 4087 1288 4142 edidit
1306 4090 1335 4141 51
1353 4090 1426 4141 trac-

304 4162 378 4216 tavit
396 4161 534 4214 Lucianus
553 4160 703 4213 Muellerus
721 4160 752 4213 in
770 4160 944 4214 Fleckeiseni
963 4160 1055 4213 annal.
1074 4159 1128 4214 vol.
1143 4161 1185 4223 99,
1205 4178 1251 4228 pg.
1263 4159 1377 4224 ets—77,
1397 4162 1427 4213 et

305 4234 334 4287 in
353 4232 484 4287 editionis
504 4248 570 4284 suae
589 4231 767 4286 Tibullianae
784 4233 872 4301 praef.
891 4250 940 4301 pg.
959 4231 1025 4284 VIII
1044 4249 1104 4298 sqq.
